%YAML 1.1
%TAG !u! tag:unity3d.com,2011:
--- !u!1 &7251575786310627543
GameObject:
  m_ObjectHideFlags: 0
  m_CorrespondingSourceObject: {fileID: 0}
  m_PrefabInstance: {fileID: 0}
  m_PrefabAsset: {fileID: 0}
  serializedVersion: 6
  m_Component:
  - component: {fileID: 1674379955391615841}
  m_Layer: 0
  m_Name: ParticulasAntorcha
  m_TagString: Untagged
  m_Icon: {fileID: 0}
  m_NavMeshLayer: 0
  m_StaticEditorFlags: 0
  m_IsActive: 1
--- !u!4 &1674379955391615841
Transform:
  m_ObjectHideFlags: 0
  m_CorrespondingSourceObject: {fileID: 0}
  m_PrefabInstance: {fileID: 0}
  m_PrefabAsset: {fileID: 0}
  m_GameObject: {fileID: 7251575786310627543}
  serializedVersion: 2
  m_LocalRotation: {x: 0, y: 0, z: 0, w: 1}
  m_LocalPosition: {x: 0, y: 0, z: 0}
  m_LocalScale: {x: 1, y: 1, z: 1}
  m_ConstrainProportionsScale: 0
  m_Children:
  - {fileID: 8582864131084744316}
  - {fileID: 2106220213872776297}
  - {fileID: 9011904587286451883}
  - {fileID: 3093148309191077197}
  - {fileID: 4408299952356022697}
  - {fileID: 7691122507004093166}
  - {fileID: 1512230577552945679}
  - {fileID: 5402631744686331147}
  - {fileID: 105626790456519472}
  - {fileID: 8834398679583723333}
  - {fileID: 2053979471736457763}
  m_Father: {fileID: 0}
  m_LocalEulerAnglesHint: {x: 0, y: 0, z: 0}
--- !u!1001 &1350728295069421523
PrefabInstance:
  m_ObjectHideFlags: 0
  serializedVersion: 2
  m_Modification:
    serializedVersion: 3
    m_TransformParent: {fileID: 1674379955391615841}
    m_Modifications:
    - target: {fileID: 6360420542244127404, guid: 8fcb9d2d43929c04f8c70c38581418d4,
        type: 3}
      propertyPath: simulationSpeed
      value: 2
      objectReference: {fileID: 0}
    - target: {fileID: 6360420542244127404, guid: 8fcb9d2d43929c04f8c70c38581418d4,
        type: 3}
      propertyPath: InitialModule.startLifetime.scalar
      value: 1.81
      objectReference: {fileID: 0}
    - target: {fileID: 6360420542244127404, guid: 8fcb9d2d43929c04f8c70c38581418d4,
        type: 3}
      propertyPath: InitialModule.startColor.maxColor.b
      value: 0.2028302
      objectReference: {fileID: 0}
    - target: {fileID: 6360420542244127404, guid: 8fcb9d2d43929c04f8c70c38581418d4,
        type: 3}
      propertyPath: InitialModule.startColor.maxColor.g
      value: 0.40979964
      objectReference: {fileID: 0}
    - target: {fileID: 6360420542244127404, guid: 8fcb9d2d43929c04f8c70c38581418d4,
        type: 3}
      propertyPath: InitialModule.startColor.maxColor.r
      value: 1
      objectReference: {fileID: 0}
    - target: {fileID: 6360420542244127404, guid: 8fcb9d2d43929c04f8c70c38581418d4,
        type: 3}
      propertyPath: SizeModule.curve.maxCurve.m_Curve.Array.size
      value: 3
      objectReference: {fileID: 0}
    - target: {fileID: 6360420542244127404, guid: 8fcb9d2d43929c04f8c70c38581418d4,
        type: 3}
      propertyPath: SizeModule.curve.maxCurve.m_Curve.Array.data[0].time
      value: 0
      objectReference: {fileID: 0}
    - target: {fileID: 6360420542244127404, guid: 8fcb9d2d43929c04f8c70c38581418d4,
        type: 3}
      propertyPath: SizeModule.curve.maxCurve.m_Curve.Array.data[1].time
      value: 0.068458065
      objectReference: {fileID: 0}
    - target: {fileID: 6360420542244127404, guid: 8fcb9d2d43929c04f8c70c38581418d4,
        type: 3}
      propertyPath: SizeModule.curve.maxCurve.m_Curve.Array.data[2].time
      value: 0.7201258
      objectReference: {fileID: 0}
    - target: {fileID: 6360420542244127404, guid: 8fcb9d2d43929c04f8c70c38581418d4,
        type: 3}
      propertyPath: SizeModule.curve.maxCurve.m_Curve.Array.data[3].time
      value: 0.7201258
      objectReference: {fileID: 0}
    - target: {fileID: 6360420542244127404, guid: 8fcb9d2d43929c04f8c70c38581418d4,
        type: 3}
      propertyPath: SizeModule.curve.maxCurve.m_Curve.Array.data[0].value
      value: 0.6589983
      objectReference: {fileID: 0}
    - target: {fileID: 6360420542244127404, guid: 8fcb9d2d43929c04f8c70c38581418d4,
        type: 3}
      propertyPath: SizeModule.curve.maxCurve.m_Curve.Array.data[1].value
      value: 0.7450425
      objectReference: {fileID: 0}
    - target: {fileID: 6360420542244127404, guid: 8fcb9d2d43929c04f8c70c38581418d4,
        type: 3}
      propertyPath: SizeModule.curve.maxCurve.m_Curve.Array.data[2].value
      value: 0
      objectReference: {fileID: 0}
    - target: {fileID: 6360420542244127404, guid: 8fcb9d2d43929c04f8c70c38581418d4,
        type: 3}
      propertyPath: SizeModule.curve.maxCurve.m_Curve.Array.data[2].inSlope
      value: -2.9675026
      objectReference: {fileID: 0}
    - target: {fileID: 6360420542244127404, guid: 8fcb9d2d43929c04f8c70c38581418d4,
        type: 3}
      propertyPath: SizeModule.curve.maxCurve.m_Curve.Array.data[3].inSlope
      value: -2.9675026
      objectReference: {fileID: 0}
    - target: {fileID: 6360420542244127404, guid: 8fcb9d2d43929c04f8c70c38581418d4,
        type: 3}
      propertyPath: SizeModule.curve.maxCurve.m_Curve.Array.data[2].inWeight
      value: 0.082034394
      objectReference: {fileID: 0}
    - target: {fileID: 6360420542244127404, guid: 8fcb9d2d43929c04f8c70c38581418d4,
        type: 3}
      propertyPath: SizeModule.curve.maxCurve.m_Curve.Array.data[2].outSlope
      value: -2.9675026
      objectReference: {fileID: 0}
    - target: {fileID: 6360420542244127404, guid: 8fcb9d2d43929c04f8c70c38581418d4,
        type: 3}
      propertyPath: SizeModule.curve.maxCurve.m_Curve.Array.data[3].inWeight
      value: 0.082034394
      objectReference: {fileID: 0}
    - target: {fileID: 6360420542244127404, guid: 8fcb9d2d43929c04f8c70c38581418d4,
        type: 3}
      propertyPath: SizeModule.curve.maxCurve.m_Curve.Array.data[3].outSlope
      value: -2.9675026
      objectReference: {fileID: 0}
    - target: {fileID: 6360420542244127404, guid: 8fcb9d2d43929c04f8c70c38581418d4,
        type: 3}
      propertyPath: SizeModule.curve.maxCurve.m_Curve.Array.data[2].outWeight
      value: 0.33333334
      objectReference: {fileID: 0}
    - target: {fileID: 6360420542244127404, guid: 8fcb9d2d43929c04f8c70c38581418d4,
        type: 3}
      propertyPath: SizeModule.curve.maxCurve.m_Curve.Array.data[3].outWeight
      value: 0.33333334
      objectReference: {fileID: 0}
    - target: {fileID: 6360420542244127410, guid: 8fcb9d2d43929c04f8c70c38581418d4,
        type: 3}
      propertyPath: m_LocalScale.x
      value: 0.79792
      objectReference: {fileID: 0}
    - target: {fileID: 6360420542244127410, guid: 8fcb9d2d43929c04f8c70c38581418d4,
        type: 3}
      propertyPath: m_LocalScale.y
      value: 0.79792
      objectReference: {fileID: 0}
    - target: {fileID: 6360420542244127410, guid: 8fcb9d2d43929c04f8c70c38581418d4,
        type: 3}
      propertyPath: m_LocalScale.z
      value: 0.79792
      objectReference: {fileID: 0}
    - target: {fileID: 6360420542703049432, guid: 8fcb9d2d43929c04f8c70c38581418d4,
        type: 3}
      propertyPath: m_LocalPosition.x
      value: -28.345
      objectReference: {fileID: 0}
    - target: {fileID: 6360420542703049432, guid: 8fcb9d2d43929c04f8c70c38581418d4,
        type: 3}
      propertyPath: m_LocalPosition.y
      value: 2.081
      objectReference: {fileID: 0}
    - target: {fileID: 6360420542703049432, guid: 8fcb9d2d43929c04f8c70c38581418d4,
        type: 3}
      propertyPath: m_LocalPosition.z
      value: 10.652
      objectReference: {fileID: 0}
    - target: {fileID: 6360420542703049432, guid: 8fcb9d2d43929c04f8c70c38581418d4,
        type: 3}
      propertyPath: m_LocalRotation.w
      value: 1
      objectReference: {fileID: 0}
    - target: {fileID: 6360420542703049432, guid: 8fcb9d2d43929c04f8c70c38581418d4,
        type: 3}
      propertyPath: m_LocalRotation.x
      value: -0
      objectReference: {fileID: 0}
    - target: {fileID: 6360420542703049432, guid: 8fcb9d2d43929c04f8c70c38581418d4,
        type: 3}
      propertyPath: m_LocalRotation.y
      value: -0
      objectReference: {fileID: 0}
    - target: {fileID: 6360420542703049432, guid: 8fcb9d2d43929c04f8c70c38581418d4,
        type: 3}
      propertyPath: m_LocalRotation.z
      value: -0
      objectReference: {fileID: 0}
    - target: {fileID: 6360420542703049432, guid: 8fcb9d2d43929c04f8c70c38581418d4,
        type: 3}
      propertyPath: m_LocalEulerAnglesHint.x
      value: 0
      objectReference: {fileID: 0}
    - target: {fileID: 6360420542703049432, guid: 8fcb9d2d43929c04f8c70c38581418d4,
        type: 3}
      propertyPath: m_LocalEulerAnglesHint.y
      value: 0
      objectReference: {fileID: 0}
    - target: {fileID: 6360420542703049432, guid: 8fcb9d2d43929c04f8c70c38581418d4,
        type: 3}
      propertyPath: m_LocalEulerAnglesHint.z
      value: 0
      objectReference: {fileID: 0}
    - target: {fileID: 6360420542703049433, guid: 8fcb9d2d43929c04f8c70c38581418d4,
        type: 3}
      propertyPath: m_Name
      value: Yellow-FireWood (7)
      objectReference: {fileID: 0}
    - target: {fileID: 6360420542814166453, guid: 8fcb9d2d43929c04f8c70c38581418d4,
        type: 3}
      propertyPath: m_LocalPosition.x
      value: 1.115
      objectReference: {fileID: 0}
    - target: {fileID: 6360420542814166453, guid: 8fcb9d2d43929c04f8c70c38581418d4,
        type: 3}
      propertyPath: m_LocalPosition.z
      value: -0.981
      objectReference: {fileID: 0}
    m_RemovedComponents: []
    m_RemovedGameObjects:
    - {fileID: 5154732302721470277, guid: 8fcb9d2d43929c04f8c70c38581418d4, type: 3}
    - {fileID: 6360420542814166458, guid: 8fcb9d2d43929c04f8c70c38581418d4, type: 3}
    m_AddedGameObjects: []
    m_AddedComponents: []
  m_SourcePrefab: {fileID: 100100000, guid: 8fcb9d2d43929c04f8c70c38581418d4, type: 3}
--- !u!4 &5402631744686331147 stripped
Transform:
  m_CorrespondingSourceObject: {fileID: 6360420542703049432, guid: 8fcb9d2d43929c04f8c70c38581418d4,
    type: 3}
  m_PrefabInstance: {fileID: 1350728295069421523}
  m_PrefabAsset: {fileID: 0}
--- !u!1001 &2512680946217325981
PrefabInstance:
  m_ObjectHideFlags: 0
  serializedVersion: 2
  m_Modification:
    serializedVersion: 3
    m_TransformParent: {fileID: 1674379955391615841}
    m_Modifications:
    - target: {fileID: 6360420542244127404, guid: 8fcb9d2d43929c04f8c70c38581418d4,
        type: 3}
      propertyPath: simulationSpeed
      value: 2
      objectReference: {fileID: 0}
    - target: {fileID: 6360420542244127404, guid: 8fcb9d2d43929c04f8c70c38581418d4,
        type: 3}
      propertyPath: InitialModule.startLifetime.scalar
      value: 1.81
      objectReference: {fileID: 0}
    - target: {fileID: 6360420542244127404, guid: 8fcb9d2d43929c04f8c70c38581418d4,
        type: 3}
      propertyPath: InitialModule.startColor.maxColor.b
      value: 0.2028302
      objectReference: {fileID: 0}
    - target: {fileID: 6360420542244127404, guid: 8fcb9d2d43929c04f8c70c38581418d4,
        type: 3}
      propertyPath: InitialModule.startColor.maxColor.g
      value: 0.40979964
      objectReference: {fileID: 0}
    - target: {fileID: 6360420542244127404, guid: 8fcb9d2d43929c04f8c70c38581418d4,
        type: 3}
      propertyPath: InitialModule.startColor.maxColor.r
      value: 1
      objectReference: {fileID: 0}
    - target: {fileID: 6360420542244127404, guid: 8fcb9d2d43929c04f8c70c38581418d4,
        type: 3}
      propertyPath: SizeModule.curve.maxCurve.m_Curve.Array.size
      value: 3
      objectReference: {fileID: 0}
    - target: {fileID: 6360420542244127404, guid: 8fcb9d2d43929c04f8c70c38581418d4,
        type: 3}
      propertyPath: SizeModule.curve.maxCurve.m_Curve.Array.data[0].time
      value: 0
      objectReference: {fileID: 0}
    - target: {fileID: 6360420542244127404, guid: 8fcb9d2d43929c04f8c70c38581418d4,
        type: 3}
      propertyPath: SizeModule.curve.maxCurve.m_Curve.Array.data[1].time
      value: 0.068458065
      objectReference: {fileID: 0}
    - target: {fileID: 6360420542244127404, guid: 8fcb9d2d43929c04f8c70c38581418d4,
        type: 3}
      propertyPath: SizeModule.curve.maxCurve.m_Curve.Array.data[2].time
      value: 0.7201258
      objectReference: {fileID: 0}
    - target: {fileID: 6360420542244127404, guid: 8fcb9d2d43929c04f8c70c38581418d4,
        type: 3}
      propertyPath: SizeModule.curve.maxCurve.m_Curve.Array.data[3].time
      value: 0.7201258
      objectReference: {fileID: 0}
    - target: {fileID: 6360420542244127404, guid: 8fcb9d2d43929c04f8c70c38581418d4,
        type: 3}
      propertyPath: SizeModule.curve.maxCurve.m_Curve.Array.data[0].value
      value: 0.6589983
      objectReference: {fileID: 0}
    - target: {fileID: 6360420542244127404, guid: 8fcb9d2d43929c04f8c70c38581418d4,
        type: 3}
      propertyPath: SizeModule.curve.maxCurve.m_Curve.Array.data[1].value
      value: 0.7450425
      objectReference: {fileID: 0}
    - target: {fileID: 6360420542244127404, guid: 8fcb9d2d43929c04f8c70c38581418d4,
        type: 3}
      propertyPath: SizeModule.curve.maxCurve.m_Curve.Array.data[2].value
      value: 0
      objectReference: {fileID: 0}
    - target: {fileID: 6360420542244127404, guid: 8fcb9d2d43929c04f8c70c38581418d4,
        type: 3}
      propertyPath: SizeModule.curve.maxCurve.m_Curve.Array.data[2].inSlope
      value: -2.9675026
      objectReference: {fileID: 0}
    - target: {fileID: 6360420542244127404, guid: 8fcb9d2d43929c04f8c70c38581418d4,
        type: 3}
      propertyPath: SizeModule.curve.maxCurve.m_Curve.Array.data[3].inSlope
      value: -2.9675026
      objectReference: {fileID: 0}
    - target: {fileID: 6360420542244127404, guid: 8fcb9d2d43929c04f8c70c38581418d4,
        type: 3}
      propertyPath: SizeModule.curve.maxCurve.m_Curve.Array.data[2].inWeight
      value: 0.082034394
      objectReference: {fileID: 0}
    - target: {fileID: 6360420542244127404, guid: 8fcb9d2d43929c04f8c70c38581418d4,
        type: 3}
      propertyPath: SizeModule.curve.maxCurve.m_Curve.Array.data[2].outSlope
      value: -2.9675026
      objectReference: {fileID: 0}
    - target: {fileID: 6360420542244127404, guid: 8fcb9d2d43929c04f8c70c38581418d4,
        type: 3}
      propertyPath: SizeModule.curve.maxCurve.m_Curve.Array.data[3].inWeight
      value: 0.082034394
      objectReference: {fileID: 0}
    - target: {fileID: 6360420542244127404, guid: 8fcb9d2d43929c04f8c70c38581418d4,
        type: 3}
      propertyPath: SizeModule.curve.maxCurve.m_Curve.Array.data[3].outSlope
      value: -2.9675026
      objectReference: {fileID: 0}
    - target: {fileID: 6360420542244127404, guid: 8fcb9d2d43929c04f8c70c38581418d4,
        type: 3}
      propertyPath: SizeModule.curve.maxCurve.m_Curve.Array.data[2].outWeight
      value: 0.33333334
      objectReference: {fileID: 0}
    - target: {fileID: 6360420542244127404, guid: 8fcb9d2d43929c04f8c70c38581418d4,
        type: 3}
      propertyPath: SizeModule.curve.maxCurve.m_Curve.Array.data[3].outWeight
      value: 0.33333334
      objectReference: {fileID: 0}
    - target: {fileID: 6360420542244127410, guid: 8fcb9d2d43929c04f8c70c38581418d4,
        type: 3}
      propertyPath: m_LocalScale.x
      value: 0.79792
      objectReference: {fileID: 0}
    - target: {fileID: 6360420542244127410, guid: 8fcb9d2d43929c04f8c70c38581418d4,
        type: 3}
      propertyPath: m_LocalScale.y
      value: 0.79792
      objectReference: {fileID: 0}
    - target: {fileID: 6360420542244127410, guid: 8fcb9d2d43929c04f8c70c38581418d4,
        type: 3}
      propertyPath: m_LocalScale.z
      value: 0.79792
      objectReference: {fileID: 0}
    - target: {fileID: 6360420542703049432, guid: 8fcb9d2d43929c04f8c70c38581418d4,
        type: 3}
      propertyPath: m_LocalPosition.x
      value: -59.583
      objectReference: {fileID: 0}
    - target: {fileID: 6360420542703049432, guid: 8fcb9d2d43929c04f8c70c38581418d4,
        type: 3}
      propertyPath: m_LocalPosition.y
      value: 1.805
      objectReference: {fileID: 0}
    - target: {fileID: 6360420542703049432, guid: 8fcb9d2d43929c04f8c70c38581418d4,
        type: 3}
      propertyPath: m_LocalPosition.z
      value: 13.634
      objectReference: {fileID: 0}
    - target: {fileID: 6360420542703049432, guid: 8fcb9d2d43929c04f8c70c38581418d4,
        type: 3}
      propertyPath: m_LocalRotation.w
      value: 1
      objectReference: {fileID: 0}
    - target: {fileID: 6360420542703049432, guid: 8fcb9d2d43929c04f8c70c38581418d4,
        type: 3}
      propertyPath: m_LocalRotation.x
      value: -0
      objectReference: {fileID: 0}
    - target: {fileID: 6360420542703049432, guid: 8fcb9d2d43929c04f8c70c38581418d4,
        type: 3}
      propertyPath: m_LocalRotation.y
      value: -0
      objectReference: {fileID: 0}
    - target: {fileID: 6360420542703049432, guid: 8fcb9d2d43929c04f8c70c38581418d4,
        type: 3}
      propertyPath: m_LocalRotation.z
      value: -0
      objectReference: {fileID: 0}
    - target: {fileID: 6360420542703049432, guid: 8fcb9d2d43929c04f8c70c38581418d4,
        type: 3}
      propertyPath: m_LocalEulerAnglesHint.x
      value: 0
      objectReference: {fileID: 0}
    - target: {fileID: 6360420542703049432, guid: 8fcb9d2d43929c04f8c70c38581418d4,
        type: 3}
      propertyPath: m_LocalEulerAnglesHint.y
      value: 0
      objectReference: {fileID: 0}
    - target: {fileID: 6360420542703049432, guid: 8fcb9d2d43929c04f8c70c38581418d4,
        type: 3}
      propertyPath: m_LocalEulerAnglesHint.z
      value: 0
      objectReference: {fileID: 0}
    - target: {fileID: 6360420542703049433, guid: 8fcb9d2d43929c04f8c70c38581418d4,
        type: 3}
      propertyPath: m_Name
      value: Yellow-FireWood (9)
      objectReference: {fileID: 0}
    - target: {fileID: 6360420542814166453, guid: 8fcb9d2d43929c04f8c70c38581418d4,
        type: 3}
      propertyPath: m_LocalPosition.x
      value: 1.115
      objectReference: {fileID: 0}
    - target: {fileID: 6360420542814166453, guid: 8fcb9d2d43929c04f8c70c38581418d4,
        type: 3}
      propertyPath: m_LocalPosition.z
      value: -0.981
      objectReference: {fileID: 0}
    m_RemovedComponents: []
    m_RemovedGameObjects:
    - {fileID: 5154732302721470277, guid: 8fcb9d2d43929c04f8c70c38581418d4, type: 3}
    - {fileID: 6360420542814166458, guid: 8fcb9d2d43929c04f8c70c38581418d4, type: 3}
    m_AddedGameObjects: []
    m_AddedComponents: []
  m_SourcePrefab: {fileID: 100100000, guid: 8fcb9d2d43929c04f8c70c38581418d4, type: 3}
--- !u!4 &8834398679583723333 stripped
Transform:
  m_CorrespondingSourceObject: {fileID: 6360420542703049432, guid: 8fcb9d2d43929c04f8c70c38581418d4,
    type: 3}
  m_PrefabInstance: {fileID: 2512680946217325981}
  m_PrefabAsset: {fileID: 0}
--- !u!1001 &2689906480731491443
PrefabInstance:
  m_ObjectHideFlags: 0
  serializedVersion: 2
  m_Modification:
    serializedVersion: 3
    m_TransformParent: {fileID: 1674379955391615841}
    m_Modifications:
    - target: {fileID: 6360420542244127404, guid: 8fcb9d2d43929c04f8c70c38581418d4,
        type: 3}
      propertyPath: simulationSpeed
      value: 2
      objectReference: {fileID: 0}
    - target: {fileID: 6360420542244127404, guid: 8fcb9d2d43929c04f8c70c38581418d4,
        type: 3}
      propertyPath: InitialModule.startLifetime.scalar
      value: 1.81
      objectReference: {fileID: 0}
    - target: {fileID: 6360420542244127404, guid: 8fcb9d2d43929c04f8c70c38581418d4,
        type: 3}
      propertyPath: InitialModule.startColor.maxColor.b
      value: 0.2028302
      objectReference: {fileID: 0}
    - target: {fileID: 6360420542244127404, guid: 8fcb9d2d43929c04f8c70c38581418d4,
        type: 3}
      propertyPath: InitialModule.startColor.maxColor.g
      value: 0.40979964
      objectReference: {fileID: 0}
    - target: {fileID: 6360420542244127404, guid: 8fcb9d2d43929c04f8c70c38581418d4,
        type: 3}
      propertyPath: InitialModule.startColor.maxColor.r
      value: 1
      objectReference: {fileID: 0}
    - target: {fileID: 6360420542244127404, guid: 8fcb9d2d43929c04f8c70c38581418d4,
        type: 3}
      propertyPath: SizeModule.curve.maxCurve.m_Curve.Array.size
      value: 3
      objectReference: {fileID: 0}
    - target: {fileID: 6360420542244127404, guid: 8fcb9d2d43929c04f8c70c38581418d4,
        type: 3}
      propertyPath: SizeModule.curve.maxCurve.m_Curve.Array.data[0].time
      value: 0
      objectReference: {fileID: 0}
    - target: {fileID: 6360420542244127404, guid: 8fcb9d2d43929c04f8c70c38581418d4,
        type: 3}
      propertyPath: SizeModule.curve.maxCurve.m_Curve.Array.data[1].time
      value: 0.068458065
      objectReference: {fileID: 0}
    - target: {fileID: 6360420542244127404, guid: 8fcb9d2d43929c04f8c70c38581418d4,
        type: 3}
      propertyPath: SizeModule.curve.maxCurve.m_Curve.Array.data[2].time
      value: 0.7201258
      objectReference: {fileID: 0}
    - target: {fileID: 6360420542244127404, guid: 8fcb9d2d43929c04f8c70c38581418d4,
        type: 3}
      propertyPath: SizeModule.curve.maxCurve.m_Curve.Array.data[3].time
      value: 0.7201258
      objectReference: {fileID: 0}
    - target: {fileID: 6360420542244127404, guid: 8fcb9d2d43929c04f8c70c38581418d4,
        type: 3}
      propertyPath: SizeModule.curve.maxCurve.m_Curve.Array.data[0].value
      value: 0.6589983
      objectReference: {fileID: 0}
    - target: {fileID: 6360420542244127404, guid: 8fcb9d2d43929c04f8c70c38581418d4,
        type: 3}
      propertyPath: SizeModule.curve.maxCurve.m_Curve.Array.data[1].value
      value: 0.7450425
      objectReference: {fileID: 0}
    - target: {fileID: 6360420542244127404, guid: 8fcb9d2d43929c04f8c70c38581418d4,
        type: 3}
      propertyPath: SizeModule.curve.maxCurve.m_Curve.Array.data[2].value
      value: 0
      objectReference: {fileID: 0}
    - target: {fileID: 6360420542244127404, guid: 8fcb9d2d43929c04f8c70c38581418d4,
        type: 3}
      propertyPath: SizeModule.curve.maxCurve.m_Curve.Array.data[2].inSlope
      value: -2.9675026
      objectReference: {fileID: 0}
    - target: {fileID: 6360420542244127404, guid: 8fcb9d2d43929c04f8c70c38581418d4,
        type: 3}
      propertyPath: SizeModule.curve.maxCurve.m_Curve.Array.data[3].inSlope
      value: -2.9675026
      objectReference: {fileID: 0}
    - target: {fileID: 6360420542244127404, guid: 8fcb9d2d43929c04f8c70c38581418d4,
        type: 3}
      propertyPath: SizeModule.curve.maxCurve.m_Curve.Array.data[2].inWeight
      value: 0.082034394
      objectReference: {fileID: 0}
    - target: {fileID: 6360420542244127404, guid: 8fcb9d2d43929c04f8c70c38581418d4,
        type: 3}
      propertyPath: SizeModule.curve.maxCurve.m_Curve.Array.data[2].outSlope
      value: -2.9675026
      objectReference: {fileID: 0}
    - target: {fileID: 6360420542244127404, guid: 8fcb9d2d43929c04f8c70c38581418d4,
        type: 3}
      propertyPath: SizeModule.curve.maxCurve.m_Curve.Array.data[3].inWeight
      value: 0.082034394
      objectReference: {fileID: 0}
    - target: {fileID: 6360420542244127404, guid: 8fcb9d2d43929c04f8c70c38581418d4,
        type: 3}
      propertyPath: SizeModule.curve.maxCurve.m_Curve.Array.data[3].outSlope
      value: -2.9675026
      objectReference: {fileID: 0}
    - target: {fileID: 6360420542244127404, guid: 8fcb9d2d43929c04f8c70c38581418d4,
        type: 3}
      propertyPath: SizeModule.curve.maxCurve.m_Curve.Array.data[2].outWeight
      value: 0.33333334
      objectReference: {fileID: 0}
    - target: {fileID: 6360420542244127404, guid: 8fcb9d2d43929c04f8c70c38581418d4,
        type: 3}
      propertyPath: SizeModule.curve.maxCurve.m_Curve.Array.data[3].outWeight
      value: 0.33333334
      objectReference: {fileID: 0}
    - target: {fileID: 6360420542244127410, guid: 8fcb9d2d43929c04f8c70c38581418d4,
        type: 3}
      propertyPath: m_LocalScale.x
      value: 0.79792
      objectReference: {fileID: 0}
    - target: {fileID: 6360420542244127410, guid: 8fcb9d2d43929c04f8c70c38581418d4,
        type: 3}
      propertyPath: m_LocalScale.y
      value: 0.79792
      objectReference: {fileID: 0}
    - target: {fileID: 6360420542244127410, guid: 8fcb9d2d43929c04f8c70c38581418d4,
        type: 3}
      propertyPath: m_LocalScale.z
      value: 0.79792
      objectReference: {fileID: 0}
    - target: {fileID: 6360420542703049432, guid: 8fcb9d2d43929c04f8c70c38581418d4,
        type: 3}
      propertyPath: m_LocalPosition.x
      value: -16.658
      objectReference: {fileID: 0}
    - target: {fileID: 6360420542703049432, guid: 8fcb9d2d43929c04f8c70c38581418d4,
        type: 3}
      propertyPath: m_LocalPosition.y
      value: 1.543
      objectReference: {fileID: 0}
    - target: {fileID: 6360420542703049432, guid: 8fcb9d2d43929c04f8c70c38581418d4,
        type: 3}
      propertyPath: m_LocalPosition.z
      value: -8.911
      objectReference: {fileID: 0}
    - target: {fileID: 6360420542703049432, guid: 8fcb9d2d43929c04f8c70c38581418d4,
        type: 3}
      propertyPath: m_LocalRotation.w
      value: 1
      objectReference: {fileID: 0}
    - target: {fileID: 6360420542703049432, guid: 8fcb9d2d43929c04f8c70c38581418d4,
        type: 3}
      propertyPath: m_LocalRotation.x
      value: -0
      objectReference: {fileID: 0}
    - target: {fileID: 6360420542703049432, guid: 8fcb9d2d43929c04f8c70c38581418d4,
        type: 3}
      propertyPath: m_LocalRotation.y
      value: -0
      objectReference: {fileID: 0}
    - target: {fileID: 6360420542703049432, guid: 8fcb9d2d43929c04f8c70c38581418d4,
        type: 3}
      propertyPath: m_LocalRotation.z
      value: -0
      objectReference: {fileID: 0}
    - target: {fileID: 6360420542703049432, guid: 8fcb9d2d43929c04f8c70c38581418d4,
        type: 3}
      propertyPath: m_LocalEulerAnglesHint.x
      value: 0
      objectReference: {fileID: 0}
    - target: {fileID: 6360420542703049432, guid: 8fcb9d2d43929c04f8c70c38581418d4,
        type: 3}
      propertyPath: m_LocalEulerAnglesHint.y
      value: 0
      objectReference: {fileID: 0}
    - target: {fileID: 6360420542703049432, guid: 8fcb9d2d43929c04f8c70c38581418d4,
        type: 3}
      propertyPath: m_LocalEulerAnglesHint.z
      value: 0
      objectReference: {fileID: 0}
    - target: {fileID: 6360420542703049433, guid: 8fcb9d2d43929c04f8c70c38581418d4,
        type: 3}
      propertyPath: m_Name
      value: Yellow-FireWood (2)
      objectReference: {fileID: 0}
    - target: {fileID: 6360420542814166453, guid: 8fcb9d2d43929c04f8c70c38581418d4,
        type: 3}
      propertyPath: m_LocalPosition.x
      value: 1.115
      objectReference: {fileID: 0}
    - target: {fileID: 6360420542814166453, guid: 8fcb9d2d43929c04f8c70c38581418d4,
        type: 3}
      propertyPath: m_LocalPosition.z
      value: -0.981
      objectReference: {fileID: 0}
    m_RemovedComponents: []
    m_RemovedGameObjects:
    - {fileID: 5154732302721470277, guid: 8fcb9d2d43929c04f8c70c38581418d4, type: 3}
    - {fileID: 6360420542814166458, guid: 8fcb9d2d43929c04f8c70c38581418d4, type: 3}
    m_AddedGameObjects: []
    m_AddedComponents: []
  m_SourcePrefab: {fileID: 100100000, guid: 8fcb9d2d43929c04f8c70c38581418d4, type: 3}
--- !u!4 &9011904587286451883 stripped
Transform:
  m_CorrespondingSourceObject: {fileID: 6360420542703049432, guid: 8fcb9d2d43929c04f8c70c38581418d4,
    type: 3}
  m_PrefabInstance: {fileID: 2689906480731491443}
  m_PrefabAsset: {fileID: 0}
--- !u!1001 &3411676540370873508
PrefabInstance:
  m_ObjectHideFlags: 0
  serializedVersion: 2
  m_Modification:
    serializedVersion: 3
    m_TransformParent: {fileID: 1674379955391615841}
    m_Modifications:
    - target: {fileID: 6360420542244127404, guid: 8fcb9d2d43929c04f8c70c38581418d4,
        type: 3}
      propertyPath: simulationSpeed
      value: 2
      objectReference: {fileID: 0}
    - target: {fileID: 6360420542244127404, guid: 8fcb9d2d43929c04f8c70c38581418d4,
        type: 3}
      propertyPath: InitialModule.startLifetime.scalar
      value: 1.81
      objectReference: {fileID: 0}
    - target: {fileID: 6360420542244127404, guid: 8fcb9d2d43929c04f8c70c38581418d4,
        type: 3}
      propertyPath: InitialModule.startColor.maxColor.b
      value: 0.2028302
      objectReference: {fileID: 0}
    - target: {fileID: 6360420542244127404, guid: 8fcb9d2d43929c04f8c70c38581418d4,
        type: 3}
      propertyPath: InitialModule.startColor.maxColor.g
      value: 0.40979964
      objectReference: {fileID: 0}
    - target: {fileID: 6360420542244127404, guid: 8fcb9d2d43929c04f8c70c38581418d4,
        type: 3}
      propertyPath: InitialModule.startColor.maxColor.r
      value: 1
      objectReference: {fileID: 0}
    - target: {fileID: 6360420542244127404, guid: 8fcb9d2d43929c04f8c70c38581418d4,
        type: 3}
      propertyPath: SizeModule.curve.maxCurve.m_Curve.Array.size
      value: 3
      objectReference: {fileID: 0}
    - target: {fileID: 6360420542244127404, guid: 8fcb9d2d43929c04f8c70c38581418d4,
        type: 3}
      propertyPath: SizeModule.curve.maxCurve.m_Curve.Array.data[0].time
      value: 0
      objectReference: {fileID: 0}
    - target: {fileID: 6360420542244127404, guid: 8fcb9d2d43929c04f8c70c38581418d4,
        type: 3}
      propertyPath: SizeModule.curve.maxCurve.m_Curve.Array.data[1].time
      value: 0.068458065
      objectReference: {fileID: 0}
    - target: {fileID: 6360420542244127404, guid: 8fcb9d2d43929c04f8c70c38581418d4,
        type: 3}
      propertyPath: SizeModule.curve.maxCurve.m_Curve.Array.data[2].time
      value: 0.7201258
      objectReference: {fileID: 0}
    - target: {fileID: 6360420542244127404, guid: 8fcb9d2d43929c04f8c70c38581418d4,
        type: 3}
      propertyPath: SizeModule.curve.maxCurve.m_Curve.Array.data[3].time
      value: 0.7201258
      objectReference: {fileID: 0}
    - target: {fileID: 6360420542244127404, guid: 8fcb9d2d43929c04f8c70c38581418d4,
        type: 3}
      propertyPath: SizeModule.curve.maxCurve.m_Curve.Array.data[0].value
      value: 0.6589983
      objectReference: {fileID: 0}
    - target: {fileID: 6360420542244127404, guid: 8fcb9d2d43929c04f8c70c38581418d4,
        type: 3}
      propertyPath: SizeModule.curve.maxCurve.m_Curve.Array.data[1].value
      value: 0.7450425
      objectReference: {fileID: 0}
    - target: {fileID: 6360420542244127404, guid: 8fcb9d2d43929c04f8c70c38581418d4,
        type: 3}
      propertyPath: SizeModule.curve.maxCurve.m_Curve.Array.data[2].value
      value: 0
      objectReference: {fileID: 0}
    - target: {fileID: 6360420542244127404, guid: 8fcb9d2d43929c04f8c70c38581418d4,
        type: 3}
      propertyPath: SizeModule.curve.maxCurve.m_Curve.Array.data[2].inSlope
      value: -2.9675026
      objectReference: {fileID: 0}
    - target: {fileID: 6360420542244127404, guid: 8fcb9d2d43929c04f8c70c38581418d4,
        type: 3}
      propertyPath: SizeModule.curve.maxCurve.m_Curve.Array.data[3].inSlope
      value: -2.9675026
      objectReference: {fileID: 0}
    - target: {fileID: 6360420542244127404, guid: 8fcb9d2d43929c04f8c70c38581418d4,
        type: 3}
      propertyPath: SizeModule.curve.maxCurve.m_Curve.Array.data[2].inWeight
      value: 0.082034394
      objectReference: {fileID: 0}
    - target: {fileID: 6360420542244127404, guid: 8fcb9d2d43929c04f8c70c38581418d4,
        type: 3}
      propertyPath: SizeModule.curve.maxCurve.m_Curve.Array.data[2].outSlope
      value: -2.9675026
      objectReference: {fileID: 0}
    - target: {fileID: 6360420542244127404, guid: 8fcb9d2d43929c04f8c70c38581418d4,
        type: 3}
      propertyPath: SizeModule.curve.maxCurve.m_Curve.Array.data[3].inWeight
      value: 0.082034394
      objectReference: {fileID: 0}
    - target: {fileID: 6360420542244127404, guid: 8fcb9d2d43929c04f8c70c38581418d4,
        type: 3}
      propertyPath: SizeModule.curve.maxCurve.m_Curve.Array.data[3].outSlope
      value: -2.9675026
      objectReference: {fileID: 0}
    - target: {fileID: 6360420542244127404, guid: 8fcb9d2d43929c04f8c70c38581418d4,
        type: 3}
      propertyPath: SizeModule.curve.maxCurve.m_Curve.Array.data[2].outWeight
      value: 0.33333334
      objectReference: {fileID: 0}
    - target: {fileID: 6360420542244127404, guid: 8fcb9d2d43929c04f8c70c38581418d4,
        type: 3}
      propertyPath: SizeModule.curve.maxCurve.m_Curve.Array.data[3].outWeight
      value: 0.33333334
      objectReference: {fileID: 0}
    - target: {fileID: 6360420542244127410, guid: 8fcb9d2d43929c04f8c70c38581418d4,
        type: 3}
      propertyPath: m_LocalScale.x
      value: 0.79792
      objectReference: {fileID: 0}
    - target: {fileID: 6360420542244127410, guid: 8fcb9d2d43929c04f8c70c38581418d4,
        type: 3}
      propertyPath: m_LocalScale.y
      value: 0.79792
      objectReference: {fileID: 0}
    - target: {fileID: 6360420542244127410, guid: 8fcb9d2d43929c04f8c70c38581418d4,
        type: 3}
      propertyPath: m_LocalScale.z
      value: 0.79792
      objectReference: {fileID: 0}
    - target: {fileID: 6360420542703049432, guid: 8fcb9d2d43929c04f8c70c38581418d4,
        type: 3}
      propertyPath: m_LocalPosition.x
      value: -5.787
      objectReference: {fileID: 0}
    - target: {fileID: 6360420542703049432, guid: 8fcb9d2d43929c04f8c70c38581418d4,
        type: 3}
      propertyPath: m_LocalPosition.y
      value: 1.588
      objectReference: {fileID: 0}
    - target: {fileID: 6360420542703049432, guid: 8fcb9d2d43929c04f8c70c38581418d4,
        type: 3}
      propertyPath: m_LocalPosition.z
      value: -9.803
      objectReference: {fileID: 0}
    - target: {fileID: 6360420542703049432, guid: 8fcb9d2d43929c04f8c70c38581418d4,
        type: 3}
      propertyPath: m_LocalRotation.w
      value: 1
      objectReference: {fileID: 0}
    - target: {fileID: 6360420542703049432, guid: 8fcb9d2d43929c04f8c70c38581418d4,
        type: 3}
      propertyPath: m_LocalRotation.x
      value: -0
      objectReference: {fileID: 0}
    - target: {fileID: 6360420542703049432, guid: 8fcb9d2d43929c04f8c70c38581418d4,
        type: 3}
      propertyPath: m_LocalRotation.y
      value: -0
      objectReference: {fileID: 0}
    - target: {fileID: 6360420542703049432, guid: 8fcb9d2d43929c04f8c70c38581418d4,
        type: 3}
      propertyPath: m_LocalRotation.z
      value: -0
      objectReference: {fileID: 0}
    - target: {fileID: 6360420542703049432, guid: 8fcb9d2d43929c04f8c70c38581418d4,
        type: 3}
      propertyPath: m_LocalEulerAnglesHint.x
      value: 0
      objectReference: {fileID: 0}
    - target: {fileID: 6360420542703049432, guid: 8fcb9d2d43929c04f8c70c38581418d4,
        type: 3}
      propertyPath: m_LocalEulerAnglesHint.y
      value: 0
      objectReference: {fileID: 0}
    - target: {fileID: 6360420542703049432, guid: 8fcb9d2d43929c04f8c70c38581418d4,
        type: 3}
      propertyPath: m_LocalEulerAnglesHint.z
      value: 0
      objectReference: {fileID: 0}
    - target: {fileID: 6360420542703049433, guid: 8fcb9d2d43929c04f8c70c38581418d4,
        type: 3}
      propertyPath: m_Name
      value: Yellow-FireWood
      objectReference: {fileID: 0}
    - target: {fileID: 6360420542814166453, guid: 8fcb9d2d43929c04f8c70c38581418d4,
        type: 3}
      propertyPath: m_LocalPosition.x
      value: 1.115
      objectReference: {fileID: 0}
    - target: {fileID: 6360420542814166453, guid: 8fcb9d2d43929c04f8c70c38581418d4,
        type: 3}
      propertyPath: m_LocalPosition.z
      value: -0.981
      objectReference: {fileID: 0}
    m_RemovedComponents: []
    m_RemovedGameObjects:
    - {fileID: 5154732302721470277, guid: 8fcb9d2d43929c04f8c70c38581418d4, type: 3}
    - {fileID: 6360420542814166458, guid: 8fcb9d2d43929c04f8c70c38581418d4, type: 3}
    m_AddedGameObjects: []
    m_AddedComponents: []
  m_SourcePrefab: {fileID: 100100000, guid: 8fcb9d2d43929c04f8c70c38581418d4, type: 3}
--- !u!4 &8582864131084744316 stripped
Transform:
  m_CorrespondingSourceObject: {fileID: 6360420542703049432, guid: 8fcb9d2d43929c04f8c70c38581418d4,
    type: 3}
  m_PrefabInstance: {fileID: 3411676540370873508}
  m_PrefabAsset: {fileID: 0}
--- !u!1001 &3672856897059567670
PrefabInstance:
  m_ObjectHideFlags: 0
  serializedVersion: 2
  m_Modification:
    serializedVersion: 3
    m_TransformParent: {fileID: 1674379955391615841}
    m_Modifications:
    - target: {fileID: 6360420542244127404, guid: 8fcb9d2d43929c04f8c70c38581418d4,
        type: 3}
      propertyPath: simulationSpeed
      value: 2
      objectReference: {fileID: 0}
    - target: {fileID: 6360420542244127404, guid: 8fcb9d2d43929c04f8c70c38581418d4,
        type: 3}
      propertyPath: InitialModule.startLifetime.scalar
      value: 1.81
      objectReference: {fileID: 0}
    - target: {fileID: 6360420542244127404, guid: 8fcb9d2d43929c04f8c70c38581418d4,
        type: 3}
      propertyPath: InitialModule.startColor.maxColor.b
      value: 0.2028302
      objectReference: {fileID: 0}
    - target: {fileID: 6360420542244127404, guid: 8fcb9d2d43929c04f8c70c38581418d4,
        type: 3}
      propertyPath: InitialModule.startColor.maxColor.g
      value: 0.40979964
      objectReference: {fileID: 0}
    - target: {fileID: 6360420542244127404, guid: 8fcb9d2d43929c04f8c70c38581418d4,
        type: 3}
      propertyPath: InitialModule.startColor.maxColor.r
      value: 1
      objectReference: {fileID: 0}
    - target: {fileID: 6360420542244127404, guid: 8fcb9d2d43929c04f8c70c38581418d4,
        type: 3}
      propertyPath: SizeModule.curve.maxCurve.m_Curve.Array.size
      value: 3
      objectReference: {fileID: 0}
    - target: {fileID: 6360420542244127404, guid: 8fcb9d2d43929c04f8c70c38581418d4,
        type: 3}
      propertyPath: SizeModule.curve.maxCurve.m_Curve.Array.data[0].time
      value: 0
      objectReference: {fileID: 0}
    - target: {fileID: 6360420542244127404, guid: 8fcb9d2d43929c04f8c70c38581418d4,
        type: 3}
      propertyPath: SizeModule.curve.maxCurve.m_Curve.Array.data[1].time
      value: 0.068458065
      objectReference: {fileID: 0}
    - target: {fileID: 6360420542244127404, guid: 8fcb9d2d43929c04f8c70c38581418d4,
        type: 3}
      propertyPath: SizeModule.curve.maxCurve.m_Curve.Array.data[2].time
      value: 0.7201258
      objectReference: {fileID: 0}
    - target: {fileID: 6360420542244127404, guid: 8fcb9d2d43929c04f8c70c38581418d4,
        type: 3}
      propertyPath: SizeModule.curve.maxCurve.m_Curve.Array.data[3].time
      value: 0.7201258
      objectReference: {fileID: 0}
    - target: {fileID: 6360420542244127404, guid: 8fcb9d2d43929c04f8c70c38581418d4,
        type: 3}
      propertyPath: SizeModule.curve.maxCurve.m_Curve.Array.data[0].value
      value: 0.6589983
      objectReference: {fileID: 0}
    - target: {fileID: 6360420542244127404, guid: 8fcb9d2d43929c04f8c70c38581418d4,
        type: 3}
      propertyPath: SizeModule.curve.maxCurve.m_Curve.Array.data[1].value
      value: 0.7450425
      objectReference: {fileID: 0}
    - target: {fileID: 6360420542244127404, guid: 8fcb9d2d43929c04f8c70c38581418d4,
        type: 3}
      propertyPath: SizeModule.curve.maxCurve.m_Curve.Array.data[2].value
      value: 0
      objectReference: {fileID: 0}
    - target: {fileID: 6360420542244127404, guid: 8fcb9d2d43929c04f8c70c38581418d4,
        type: 3}
      propertyPath: SizeModule.curve.maxCurve.m_Curve.Array.data[2].inSlope
      value: -2.9675026
      objectReference: {fileID: 0}
    - target: {fileID: 6360420542244127404, guid: 8fcb9d2d43929c04f8c70c38581418d4,
        type: 3}
      propertyPath: SizeModule.curve.maxCurve.m_Curve.Array.data[3].inSlope
      value: -2.9675026
      objectReference: {fileID: 0}
    - target: {fileID: 6360420542244127404, guid: 8fcb9d2d43929c04f8c70c38581418d4,
        type: 3}
      propertyPath: SizeModule.curve.maxCurve.m_Curve.Array.data[2].inWeight
      value: 0.082034394
      objectReference: {fileID: 0}
    - target: {fileID: 6360420542244127404, guid: 8fcb9d2d43929c04f8c70c38581418d4,
        type: 3}
      propertyPath: SizeModule.curve.maxCurve.m_Curve.Array.data[2].outSlope
      value: -2.9675026
      objectReference: {fileID: 0}
    - target: {fileID: 6360420542244127404, guid: 8fcb9d2d43929c04f8c70c38581418d4,
        type: 3}
      propertyPath: SizeModule.curve.maxCurve.m_Curve.Array.data[3].inWeight
      value: 0.082034394
      objectReference: {fileID: 0}
    - target: {fileID: 6360420542244127404, guid: 8fcb9d2d43929c04f8c70c38581418d4,
        type: 3}
      propertyPath: SizeModule.curve.maxCurve.m_Curve.Array.data[3].outSlope
      value: -2.9675026
      objectReference: {fileID: 0}
    - target: {fileID: 6360420542244127404, guid: 8fcb9d2d43929c04f8c70c38581418d4,
        type: 3}
      propertyPath: SizeModule.curve.maxCurve.m_Curve.Array.data[2].outWeight
      value: 0.33333334
      objectReference: {fileID: 0}
    - target: {fileID: 6360420542244127404, guid: 8fcb9d2d43929c04f8c70c38581418d4,
        type: 3}
      propertyPath: SizeModule.curve.maxCurve.m_Curve.Array.data[3].outWeight
      value: 0.33333334
      objectReference: {fileID: 0}
    - target: {fileID: 6360420542244127410, guid: 8fcb9d2d43929c04f8c70c38581418d4,
        type: 3}
      propertyPath: m_LocalScale.x
      value: 0.79792
      objectReference: {fileID: 0}
    - target: {fileID: 6360420542244127410, guid: 8fcb9d2d43929c04f8c70c38581418d4,
        type: 3}
      propertyPath: m_LocalScale.y
      value: 0.79792
      objectReference: {fileID: 0}
    - target: {fileID: 6360420542244127410, guid: 8fcb9d2d43929c04f8c70c38581418d4,
        type: 3}
      propertyPath: m_LocalScale.z
      value: 0.79792
      objectReference: {fileID: 0}
    - target: {fileID: 6360420542703049432, guid: 8fcb9d2d43929c04f8c70c38581418d4,
        type: 3}
      propertyPath: m_LocalPosition.x
      value: -34.235
      objectReference: {fileID: 0}
    - target: {fileID: 6360420542703049432, guid: 8fcb9d2d43929c04f8c70c38581418d4,
        type: 3}
      propertyPath: m_LocalPosition.y
      value: 1.543
      objectReference: {fileID: 0}
    - target: {fileID: 6360420542703049432, guid: 8fcb9d2d43929c04f8c70c38581418d4,
        type: 3}
      propertyPath: m_LocalPosition.z
      value: -7.258
      objectReference: {fileID: 0}
    - target: {fileID: 6360420542703049432, guid: 8fcb9d2d43929c04f8c70c38581418d4,
        type: 3}
      propertyPath: m_LocalRotation.w
      value: 1
      objectReference: {fileID: 0}
    - target: {fileID: 6360420542703049432, guid: 8fcb9d2d43929c04f8c70c38581418d4,
        type: 3}
      propertyPath: m_LocalRotation.x
      value: -0
      objectReference: {fileID: 0}
    - target: {fileID: 6360420542703049432, guid: 8fcb9d2d43929c04f8c70c38581418d4,
        type: 3}
      propertyPath: m_LocalRotation.y
      value: -0
      objectReference: {fileID: 0}
    - target: {fileID: 6360420542703049432, guid: 8fcb9d2d43929c04f8c70c38581418d4,
        type: 3}
      propertyPath: m_LocalRotation.z
      value: -0
      objectReference: {fileID: 0}
    - target: {fileID: 6360420542703049432, guid: 8fcb9d2d43929c04f8c70c38581418d4,
        type: 3}
      propertyPath: m_LocalEulerAnglesHint.x
      value: 0
      objectReference: {fileID: 0}
    - target: {fileID: 6360420542703049432, guid: 8fcb9d2d43929c04f8c70c38581418d4,
        type: 3}
      propertyPath: m_LocalEulerAnglesHint.y
      value: 0
      objectReference: {fileID: 0}
    - target: {fileID: 6360420542703049432, guid: 8fcb9d2d43929c04f8c70c38581418d4,
        type: 3}
      propertyPath: m_LocalEulerAnglesHint.z
      value: 0
      objectReference: {fileID: 0}
    - target: {fileID: 6360420542703049433, guid: 8fcb9d2d43929c04f8c70c38581418d4,
        type: 3}
      propertyPath: m_Name
      value: Yellow-FireWood (5)
      objectReference: {fileID: 0}
    - target: {fileID: 6360420542814166453, guid: 8fcb9d2d43929c04f8c70c38581418d4,
        type: 3}
      propertyPath: m_LocalPosition.x
      value: 1.115
      objectReference: {fileID: 0}
    - target: {fileID: 6360420542814166453, guid: 8fcb9d2d43929c04f8c70c38581418d4,
        type: 3}
      propertyPath: m_LocalPosition.z
      value: -0.981
      objectReference: {fileID: 0}
    m_RemovedComponents: []
    m_RemovedGameObjects:
    - {fileID: 5154732302721470277, guid: 8fcb9d2d43929c04f8c70c38581418d4, type: 3}
    - {fileID: 6360420542814166458, guid: 8fcb9d2d43929c04f8c70c38581418d4, type: 3}
    m_AddedGameObjects: []
    m_AddedComponents: []
  m_SourcePrefab: {fileID: 100100000, guid: 8fcb9d2d43929c04f8c70c38581418d4, type: 3}
--- !u!4 &7691122507004093166 stripped
Transform:
  m_CorrespondingSourceObject: {fileID: 6360420542703049432, guid: 8fcb9d2d43929c04f8c70c38581418d4,
    type: 3}
  m_PrefabInstance: {fileID: 3672856897059567670}
  m_PrefabAsset: {fileID: 0}
--- !u!1001 &4955634948018163963
PrefabInstance:
  m_ObjectHideFlags: 0
  serializedVersion: 2
  m_Modification:
    serializedVersion: 3
    m_TransformParent: {fileID: 1674379955391615841}
    m_Modifications:
    - target: {fileID: 6360420542244127404, guid: 8fcb9d2d43929c04f8c70c38581418d4,
        type: 3}
      propertyPath: simulationSpeed
      value: 2
      objectReference: {fileID: 0}
    - target: {fileID: 6360420542244127404, guid: 8fcb9d2d43929c04f8c70c38581418d4,
        type: 3}
      propertyPath: InitialModule.startLifetime.scalar
      value: 1.81
      objectReference: {fileID: 0}
    - target: {fileID: 6360420542244127404, guid: 8fcb9d2d43929c04f8c70c38581418d4,
        type: 3}
      propertyPath: InitialModule.startColor.maxColor.b
      value: 0.2028302
      objectReference: {fileID: 0}
    - target: {fileID: 6360420542244127404, guid: 8fcb9d2d43929c04f8c70c38581418d4,
        type: 3}
      propertyPath: InitialModule.startColor.maxColor.g
      value: 0.40979964
      objectReference: {fileID: 0}
    - target: {fileID: 6360420542244127404, guid: 8fcb9d2d43929c04f8c70c38581418d4,
        type: 3}
      propertyPath: InitialModule.startColor.maxColor.r
      value: 1
      objectReference: {fileID: 0}
    - target: {fileID: 6360420542244127404, guid: 8fcb9d2d43929c04f8c70c38581418d4,
        type: 3}
      propertyPath: SizeModule.curve.maxCurve.m_Curve.Array.size
      value: 3
      objectReference: {fileID: 0}
    - target: {fileID: 6360420542244127404, guid: 8fcb9d2d43929c04f8c70c38581418d4,
        type: 3}
      propertyPath: SizeModule.curve.maxCurve.m_Curve.Array.data[0].time
      value: 0
      objectReference: {fileID: 0}
    - target: {fileID: 6360420542244127404, guid: 8fcb9d2d43929c04f8c70c38581418d4,
        type: 3}
      propertyPath: SizeModule.curve.maxCurve.m_Curve.Array.data[1].time
      value: 0.068458065
      objectReference: {fileID: 0}
    - target: {fileID: 6360420542244127404, guid: 8fcb9d2d43929c04f8c70c38581418d4,
        type: 3}
      propertyPath: SizeModule.curve.maxCurve.m_Curve.Array.data[2].time
      value: 0.7201258
      objectReference: {fileID: 0}
    - target: {fileID: 6360420542244127404, guid: 8fcb9d2d43929c04f8c70c38581418d4,
        type: 3}
      propertyPath: SizeModule.curve.maxCurve.m_Curve.Array.data[3].time
      value: 0.7201258
      objectReference: {fileID: 0}
    - target: {fileID: 6360420542244127404, guid: 8fcb9d2d43929c04f8c70c38581418d4,
        type: 3}
      propertyPath: SizeModule.curve.maxCurve.m_Curve.Array.data[0].value
      value: 0.6589983
      objectReference: {fileID: 0}
    - target: {fileID: 6360420542244127404, guid: 8fcb9d2d43929c04f8c70c38581418d4,
        type: 3}
      propertyPath: SizeModule.curve.maxCurve.m_Curve.Array.data[1].value
      value: 0.7450425
      objectReference: {fileID: 0}
    - target: {fileID: 6360420542244127404, guid: 8fcb9d2d43929c04f8c70c38581418d4,
        type: 3}
      propertyPath: SizeModule.curve.maxCurve.m_Curve.Array.data[2].value
      value: 0
      objectReference: {fileID: 0}
    - target: {fileID: 6360420542244127404, guid: 8fcb9d2d43929c04f8c70c38581418d4,
        type: 3}
      propertyPath: SizeModule.curve.maxCurve.m_Curve.Array.data[2].inSlope
      value: -2.9675026
      objectReference: {fileID: 0}
    - target: {fileID: 6360420542244127404, guid: 8fcb9d2d43929c04f8c70c38581418d4,
        type: 3}
      propertyPath: SizeModule.curve.maxCurve.m_Curve.Array.data[3].inSlope
      value: -2.9675026
      objectReference: {fileID: 0}
    - target: {fileID: 6360420542244127404, guid: 8fcb9d2d43929c04f8c70c38581418d4,
        type: 3}
      propertyPath: SizeModule.curve.maxCurve.m_Curve.Array.data[2].inWeight
      value: 0.082034394
      objectReference: {fileID: 0}
    - target: {fileID: 6360420542244127404, guid: 8fcb9d2d43929c04f8c70c38581418d4,
        type: 3}
      propertyPath: SizeModule.curve.maxCurve.m_Curve.Array.data[2].outSlope
      value: -2.9675026
      objectReference: {fileID: 0}
    - target: {fileID: 6360420542244127404, guid: 8fcb9d2d43929c04f8c70c38581418d4,
        type: 3}
      propertyPath: SizeModule.curve.maxCurve.m_Curve.Array.data[3].inWeight
      value: 0.082034394
      objectReference: {fileID: 0}
    - target: {fileID: 6360420542244127404, guid: 8fcb9d2d43929c04f8c70c38581418d4,
        type: 3}
      propertyPath: SizeModule.curve.maxCurve.m_Curve.Array.data[3].outSlope
      value: -2.9675026
      objectReference: {fileID: 0}
    - target: {fileID: 6360420542244127404, guid: 8fcb9d2d43929c04f8c70c38581418d4,
        type: 3}
      propertyPath: SizeModule.curve.maxCurve.m_Curve.Array.data[2].outWeight
      value: 0.33333334
      objectReference: {fileID: 0}
    - target: {fileID: 6360420542244127404, guid: 8fcb9d2d43929c04f8c70c38581418d4,
        type: 3}
      propertyPath: SizeModule.curve.maxCurve.m_Curve.Array.data[3].outWeight
      value: 0.33333334
      objectReference: {fileID: 0}
    - target: {fileID: 6360420542244127410, guid: 8fcb9d2d43929c04f8c70c38581418d4,
        type: 3}
      propertyPath: m_LocalScale.x
      value: 0.79792
      objectReference: {fileID: 0}
    - target: {fileID: 6360420542244127410, guid: 8fcb9d2d43929c04f8c70c38581418d4,
        type: 3}
      propertyPath: m_LocalScale.y
      value: 0.79792
      objectReference: {fileID: 0}
    - target: {fileID: 6360420542244127410, guid: 8fcb9d2d43929c04f8c70c38581418d4,
        type: 3}
      propertyPath: m_LocalScale.z
      value: 0.79792
      objectReference: {fileID: 0}
    - target: {fileID: 6360420542703049432, guid: 8fcb9d2d43929c04f8c70c38581418d4,
        type: 3}
      propertyPath: m_LocalPosition.x
      value: -52.866
      objectReference: {fileID: 0}
    - target: {fileID: 6360420542703049432, guid: 8fcb9d2d43929c04f8c70c38581418d4,
        type: 3}
      propertyPath: m_LocalPosition.y
      value: 1.805
      objectReference: {fileID: 0}
    - target: {fileID: 6360420542703049432, guid: 8fcb9d2d43929c04f8c70c38581418d4,
        type: 3}
      propertyPath: m_LocalPosition.z
      value: 21.012
      objectReference: {fileID: 0}
    - target: {fileID: 6360420542703049432, guid: 8fcb9d2d43929c04f8c70c38581418d4,
        type: 3}
      propertyPath: m_LocalRotation.w
      value: 1
      objectReference: {fileID: 0}
    - target: {fileID: 6360420542703049432, guid: 8fcb9d2d43929c04f8c70c38581418d4,
        type: 3}
      propertyPath: m_LocalRotation.x
      value: -0
      objectReference: {fileID: 0}
    - target: {fileID: 6360420542703049432, guid: 8fcb9d2d43929c04f8c70c38581418d4,
        type: 3}
      propertyPath: m_LocalRotation.y
      value: -0
      objectReference: {fileID: 0}
    - target: {fileID: 6360420542703049432, guid: 8fcb9d2d43929c04f8c70c38581418d4,
        type: 3}
      propertyPath: m_LocalRotation.z
      value: -0
      objectReference: {fileID: 0}
    - target: {fileID: 6360420542703049432, guid: 8fcb9d2d43929c04f8c70c38581418d4,
        type: 3}
      propertyPath: m_LocalEulerAnglesHint.x
      value: 0
      objectReference: {fileID: 0}
    - target: {fileID: 6360420542703049432, guid: 8fcb9d2d43929c04f8c70c38581418d4,
        type: 3}
      propertyPath: m_LocalEulerAnglesHint.y
      value: 0
      objectReference: {fileID: 0}
    - target: {fileID: 6360420542703049432, guid: 8fcb9d2d43929c04f8c70c38581418d4,
        type: 3}
      propertyPath: m_LocalEulerAnglesHint.z
      value: 0
      objectReference: {fileID: 0}
    - target: {fileID: 6360420542703049433, guid: 8fcb9d2d43929c04f8c70c38581418d4,
        type: 3}
      propertyPath: m_Name
      value: Yellow-FireWood (10)
      objectReference: {fileID: 0}
    - target: {fileID: 6360420542814166453, guid: 8fcb9d2d43929c04f8c70c38581418d4,
        type: 3}
      propertyPath: m_LocalPosition.x
      value: 1.115
      objectReference: {fileID: 0}
    - target: {fileID: 6360420542814166453, guid: 8fcb9d2d43929c04f8c70c38581418d4,
        type: 3}
      propertyPath: m_LocalPosition.z
      value: -0.981
      objectReference: {fileID: 0}
    m_RemovedComponents: []
    m_RemovedGameObjects:
    - {fileID: 5154732302721470277, guid: 8fcb9d2d43929c04f8c70c38581418d4, type: 3}
    - {fileID: 6360420542814166458, guid: 8fcb9d2d43929c04f8c70c38581418d4, type: 3}
    m_AddedGameObjects: []
    m_AddedComponents: []
  m_SourcePrefab: {fileID: 100100000, guid: 8fcb9d2d43929c04f8c70c38581418d4, type: 3}
--- !u!4 &2053979471736457763 stripped
Transform:
  m_CorrespondingSourceObject: {fileID: 6360420542703049432, guid: 8fcb9d2d43929c04f8c70c38581418d4,
    type: 3}
  m_PrefabInstance: {fileID: 4955634948018163963}
  m_PrefabAsset: {fileID: 0}
--- !u!1001 &5007454029732368049
PrefabInstance:
  m_ObjectHideFlags: 0
  serializedVersion: 2
  m_Modification:
    serializedVersion: 3
    m_TransformParent: {fileID: 1674379955391615841}
    m_Modifications:
    - target: {fileID: 6360420542244127404, guid: 8fcb9d2d43929c04f8c70c38581418d4,
        type: 3}
      propertyPath: simulationSpeed
      value: 2
      objectReference: {fileID: 0}
    - target: {fileID: 6360420542244127404, guid: 8fcb9d2d43929c04f8c70c38581418d4,
        type: 3}
      propertyPath: InitialModule.startLifetime.scalar
      value: 1.81
      objectReference: {fileID: 0}
    - target: {fileID: 6360420542244127404, guid: 8fcb9d2d43929c04f8c70c38581418d4,
        type: 3}
      propertyPath: InitialModule.startColor.maxColor.b
      value: 0.2028302
      objectReference: {fileID: 0}
    - target: {fileID: 6360420542244127404, guid: 8fcb9d2d43929c04f8c70c38581418d4,
        type: 3}
      propertyPath: InitialModule.startColor.maxColor.g
      value: 0.40979964
      objectReference: {fileID: 0}
    - target: {fileID: 6360420542244127404, guid: 8fcb9d2d43929c04f8c70c38581418d4,
        type: 3}
      propertyPath: InitialModule.startColor.maxColor.r
      value: 1
      objectReference: {fileID: 0}
    - target: {fileID: 6360420542244127404, guid: 8fcb9d2d43929c04f8c70c38581418d4,
        type: 3}
      propertyPath: SizeModule.curve.maxCurve.m_Curve.Array.size
      value: 3
      objectReference: {fileID: 0}
    - target: {fileID: 6360420542244127404, guid: 8fcb9d2d43929c04f8c70c38581418d4,
        type: 3}
      propertyPath: SizeModule.curve.maxCurve.m_Curve.Array.data[0].time
      value: 0
      objectReference: {fileID: 0}
    - target: {fileID: 6360420542244127404, guid: 8fcb9d2d43929c04f8c70c38581418d4,
        type: 3}
      propertyPath: SizeModule.curve.maxCurve.m_Curve.Array.data[1].time
      value: 0.068458065
      objectReference: {fileID: 0}
    - target: {fileID: 6360420542244127404, guid: 8fcb9d2d43929c04f8c70c38581418d4,
        type: 3}
      propertyPath: SizeModule.curve.maxCurve.m_Curve.Array.data[2].time
      value: 0.7201258
      objectReference: {fileID: 0}
    - target: {fileID: 6360420542244127404, guid: 8fcb9d2d43929c04f8c70c38581418d4,
        type: 3}
      propertyPath: SizeModule.curve.maxCurve.m_Curve.Array.data[3].time
      value: 0.7201258
      objectReference: {fileID: 0}
    - target: {fileID: 6360420542244127404, guid: 8fcb9d2d43929c04f8c70c38581418d4,
        type: 3}
      propertyPath: SizeModule.curve.maxCurve.m_Curve.Array.data[0].value
      value: 0.6589983
      objectReference: {fileID: 0}
    - target: {fileID: 6360420542244127404, guid: 8fcb9d2d43929c04f8c70c38581418d4,
        type: 3}
      propertyPath: SizeModule.curve.maxCurve.m_Curve.Array.data[1].value
      value: 0.7450425
      objectReference: {fileID: 0}
    - target: {fileID: 6360420542244127404, guid: 8fcb9d2d43929c04f8c70c38581418d4,
        type: 3}
      propertyPath: SizeModule.curve.maxCurve.m_Curve.Array.data[2].value
      value: 0
      objectReference: {fileID: 0}
    - target: {fileID: 6360420542244127404, guid: 8fcb9d2d43929c04f8c70c38581418d4,
        type: 3}
      propertyPath: SizeModule.curve.maxCurve.m_Curve.Array.data[2].inSlope
      value: -2.9675026
      objectReference: {fileID: 0}
    - target: {fileID: 6360420542244127404, guid: 8fcb9d2d43929c04f8c70c38581418d4,
        type: 3}
      propertyPath: SizeModule.curve.maxCurve.m_Curve.Array.data[3].inSlope
      value: -2.9675026
      objectReference: {fileID: 0}
    - target: {fileID: 6360420542244127404, guid: 8fcb9d2d43929c04f8c70c38581418d4,
        type: 3}
      propertyPath: SizeModule.curve.maxCurve.m_Curve.Array.data[2].inWeight
      value: 0.082034394
      objectReference: {fileID: 0}
    - target: {fileID: 6360420542244127404, guid: 8fcb9d2d43929c04f8c70c38581418d4,
        type: 3}
      propertyPath: SizeModule.curve.maxCurve.m_Curve.Array.data[2].outSlope
      value: -2.9675026
      objectReference: {fileID: 0}
    - target: {fileID: 6360420542244127404, guid: 8fcb9d2d43929c04f8c70c38581418d4,
        type: 3}
      propertyPath: SizeModule.curve.maxCurve.m_Curve.Array.data[3].inWeight
      value: 0.082034394
      objectReference: {fileID: 0}
    - target: {fileID: 6360420542244127404, guid: 8fcb9d2d43929c04f8c70c38581418d4,
        type: 3}
      propertyPath: SizeModule.curve.maxCurve.m_Curve.Array.data[3].outSlope
      value: -2.9675026
      objectReference: {fileID: 0}
    - target: {fileID: 6360420542244127404, guid: 8fcb9d2d43929c04f8c70c38581418d4,
        type: 3}
      propertyPath: SizeModule.curve.maxCurve.m_Curve.Array.data[2].outWeight
      value: 0.33333334
      objectReference: {fileID: 0}
    - target: {fileID: 6360420542244127404, guid: 8fcb9d2d43929c04f8c70c38581418d4,
        type: 3}
      propertyPath: SizeModule.curve.maxCurve.m_Curve.Array.data[3].outWeight
      value: 0.33333334
      objectReference: {fileID: 0}
    - target: {fileID: 6360420542244127410, guid: 8fcb9d2d43929c04f8c70c38581418d4,
        type: 3}
      propertyPath: m_LocalScale.x
      value: 0.79792
      objectReference: {fileID: 0}
    - target: {fileID: 6360420542244127410, guid: 8fcb9d2d43929c04f8c70c38581418d4,
        type: 3}
      propertyPath: m_LocalScale.y
      value: 0.79792
      objectReference: {fileID: 0}
    - target: {fileID: 6360420542244127410, guid: 8fcb9d2d43929c04f8c70c38581418d4,
        type: 3}
      propertyPath: m_LocalScale.z
      value: 0.79792
      objectReference: {fileID: 0}
    - target: {fileID: 6360420542703049432, guid: 8fcb9d2d43929c04f8c70c38581418d4,
        type: 3}
      propertyPath: m_LocalPosition.x
      value: -16.824
      objectReference: {fileID: 0}
    - target: {fileID: 6360420542703049432, guid: 8fcb9d2d43929c04f8c70c38581418d4,
        type: 3}
      propertyPath: m_LocalPosition.y
      value: 3.665
      objectReference: {fileID: 0}
    - target: {fileID: 6360420542703049432, guid: 8fcb9d2d43929c04f8c70c38581418d4,
        type: 3}
      propertyPath: m_LocalPosition.z
      value: 2.677
      objectReference: {fileID: 0}
    - target: {fileID: 6360420542703049432, guid: 8fcb9d2d43929c04f8c70c38581418d4,
        type: 3}
      propertyPath: m_LocalRotation.w
      value: 1
      objectReference: {fileID: 0}
    - target: {fileID: 6360420542703049432, guid: 8fcb9d2d43929c04f8c70c38581418d4,
        type: 3}
      propertyPath: m_LocalRotation.x
      value: -0
      objectReference: {fileID: 0}
    - target: {fileID: 6360420542703049432, guid: 8fcb9d2d43929c04f8c70c38581418d4,
        type: 3}
      propertyPath: m_LocalRotation.y
      value: -0
      objectReference: {fileID: 0}
    - target: {fileID: 6360420542703049432, guid: 8fcb9d2d43929c04f8c70c38581418d4,
        type: 3}
      propertyPath: m_LocalRotation.z
      value: -0
      objectReference: {fileID: 0}
    - target: {fileID: 6360420542703049432, guid: 8fcb9d2d43929c04f8c70c38581418d4,
        type: 3}
      propertyPath: m_LocalEulerAnglesHint.x
      value: 0
      objectReference: {fileID: 0}
    - target: {fileID: 6360420542703049432, guid: 8fcb9d2d43929c04f8c70c38581418d4,
        type: 3}
      propertyPath: m_LocalEulerAnglesHint.y
      value: 0
      objectReference: {fileID: 0}
    - target: {fileID: 6360420542703049432, guid: 8fcb9d2d43929c04f8c70c38581418d4,
        type: 3}
      propertyPath: m_LocalEulerAnglesHint.z
      value: 0
      objectReference: {fileID: 0}
    - target: {fileID: 6360420542703049433, guid: 8fcb9d2d43929c04f8c70c38581418d4,
        type: 3}
      propertyPath: m_Name
      value: Yellow-FireWood (1)
      objectReference: {fileID: 0}
    - target: {fileID: 6360420542814166453, guid: 8fcb9d2d43929c04f8c70c38581418d4,
        type: 3}
      propertyPath: m_LocalPosition.x
      value: 1.115
      objectReference: {fileID: 0}
    - target: {fileID: 6360420542814166453, guid: 8fcb9d2d43929c04f8c70c38581418d4,
        type: 3}
      propertyPath: m_LocalPosition.z
      value: -0.981
      objectReference: {fileID: 0}
    m_RemovedComponents: []
    m_RemovedGameObjects:
    - {fileID: 5154732302721470277, guid: 8fcb9d2d43929c04f8c70c38581418d4, type: 3}
    - {fileID: 6360420542814166458, guid: 8fcb9d2d43929c04f8c70c38581418d4, type: 3}
    m_AddedGameObjects: []
    m_AddedComponents: []
  m_SourcePrefab: {fileID: 100100000, guid: 8fcb9d2d43929c04f8c70c38581418d4, type: 3}
--- !u!4 &2106220213872776297 stripped
Transform:
  m_CorrespondingSourceObject: {fileID: 6360420542703049432, guid: 8fcb9d2d43929c04f8c70c38581418d4,
    type: 3}
  m_PrefabInstance: {fileID: 5007454029732368049}
  m_PrefabAsset: {fileID: 0}
--- !u!1001 &5528244934570633431
PrefabInstance:
  m_ObjectHideFlags: 0
  serializedVersion: 2
  m_Modification:
    serializedVersion: 3
    m_TransformParent: {fileID: 1674379955391615841}
    m_Modifications:
    - target: {fileID: 6360420542244127404, guid: 8fcb9d2d43929c04f8c70c38581418d4,
        type: 3}
      propertyPath: simulationSpeed
      value: 2
      objectReference: {fileID: 0}
    - target: {fileID: 6360420542244127404, guid: 8fcb9d2d43929c04f8c70c38581418d4,
        type: 3}
      propertyPath: InitialModule.startLifetime.scalar
      value: 1.81
      objectReference: {fileID: 0}
    - target: {fileID: 6360420542244127404, guid: 8fcb9d2d43929c04f8c70c38581418d4,
        type: 3}
      propertyPath: InitialModule.startColor.maxColor.b
      value: 0.2028302
      objectReference: {fileID: 0}
    - target: {fileID: 6360420542244127404, guid: 8fcb9d2d43929c04f8c70c38581418d4,
        type: 3}
      propertyPath: InitialModule.startColor.maxColor.g
      value: 0.40979964
      objectReference: {fileID: 0}
    - target: {fileID: 6360420542244127404, guid: 8fcb9d2d43929c04f8c70c38581418d4,
        type: 3}
      propertyPath: InitialModule.startColor.maxColor.r
      value: 1
      objectReference: {fileID: 0}
    - target: {fileID: 6360420542244127404, guid: 8fcb9d2d43929c04f8c70c38581418d4,
        type: 3}
      propertyPath: SizeModule.curve.maxCurve.m_Curve.Array.size
      value: 3
      objectReference: {fileID: 0}
    - target: {fileID: 6360420542244127404, guid: 8fcb9d2d43929c04f8c70c38581418d4,
        type: 3}
      propertyPath: SizeModule.curve.maxCurve.m_Curve.Array.data[0].time
      value: 0
      objectReference: {fileID: 0}
    - target: {fileID: 6360420542244127404, guid: 8fcb9d2d43929c04f8c70c38581418d4,
        type: 3}
      propertyPath: SizeModule.curve.maxCurve.m_Curve.Array.data[1].time
      value: 0.068458065
      objectReference: {fileID: 0}
    - target: {fileID: 6360420542244127404, guid: 8fcb9d2d43929c04f8c70c38581418d4,
        type: 3}
      propertyPath: SizeModule.curve.maxCurve.m_Curve.Array.data[2].time
      value: 0.7201258
      objectReference: {fileID: 0}
    - target: {fileID: 6360420542244127404, guid: 8fcb9d2d43929c04f8c70c38581418d4,
        type: 3}
      propertyPath: SizeModule.curve.maxCurve.m_Curve.Array.data[3].time
      value: 0.7201258
      objectReference: {fileID: 0}
    - target: {fileID: 6360420542244127404, guid: 8fcb9d2d43929c04f8c70c38581418d4,
        type: 3}
      propertyPath: SizeModule.curve.maxCurve.m_Curve.Array.data[0].value
      value: 0.6589983
      objectReference: {fileID: 0}
    - target: {fileID: 6360420542244127404, guid: 8fcb9d2d43929c04f8c70c38581418d4,
        type: 3}
      propertyPath: SizeModule.curve.maxCurve.m_Curve.Array.data[1].value
      value: 0.7450425
      objectReference: {fileID: 0}
    - target: {fileID: 6360420542244127404, guid: 8fcb9d2d43929c04f8c70c38581418d4,
        type: 3}
      propertyPath: SizeModule.curve.maxCurve.m_Curve.Array.data[2].value
      value: 0
      objectReference: {fileID: 0}
    - target: {fileID: 6360420542244127404, guid: 8fcb9d2d43929c04f8c70c38581418d4,
        type: 3}
      propertyPath: SizeModule.curve.maxCurve.m_Curve.Array.data[2].inSlope
      value: -2.9675026
      objectReference: {fileID: 0}
    - target: {fileID: 6360420542244127404, guid: 8fcb9d2d43929c04f8c70c38581418d4,
        type: 3}
      propertyPath: SizeModule.curve.maxCurve.m_Curve.Array.data[3].inSlope
      value: -2.9675026
      objectReference: {fileID: 0}
    - target: {fileID: 6360420542244127404, guid: 8fcb9d2d43929c04f8c70c38581418d4,
        type: 3}
      propertyPath: SizeModule.curve.maxCurve.m_Curve.Array.data[2].inWeight
      value: 0.082034394
      objectReference: {fileID: 0}
    - target: {fileID: 6360420542244127404, guid: 8fcb9d2d43929c04f8c70c38581418d4,
        type: 3}
      propertyPath: SizeModule.curve.maxCurve.m_Curve.Array.data[2].outSlope
      value: -2.9675026
      objectReference: {fileID: 0}
    - target: {fileID: 6360420542244127404, guid: 8fcb9d2d43929c04f8c70c38581418d4,
        type: 3}
      propertyPath: SizeModule.curve.maxCurve.m_Curve.Array.data[3].inWeight
      value: 0.082034394
      objectReference: {fileID: 0}
    - target: {fileID: 6360420542244127404, guid: 8fcb9d2d43929c04f8c70c38581418d4,
        type: 3}
      propertyPath: SizeModule.curve.maxCurve.m_Curve.Array.data[3].outSlope
      value: -2.9675026
      objectReference: {fileID: 0}
    - target: {fileID: 6360420542244127404, guid: 8fcb9d2d43929c04f8c70c38581418d4,
        type: 3}
      propertyPath: SizeModule.curve.maxCurve.m_Curve.Array.data[2].outWeight
      value: 0.33333334
      objectReference: {fileID: 0}
    - target: {fileID: 6360420542244127404, guid: 8fcb9d2d43929c04f8c70c38581418d4,
        type: 3}
      propertyPath: SizeModule.curve.maxCurve.m_Curve.Array.data[3].outWeight
      value: 0.33333334
      objectReference: {fileID: 0}
    - target: {fileID: 6360420542244127410, guid: 8fcb9d2d43929c04f8c70c38581418d4,
        type: 3}
      propertyPath: m_LocalScale.x
      value: 0.79792
      objectReference: {fileID: 0}
    - target: {fileID: 6360420542244127410, guid: 8fcb9d2d43929c04f8c70c38581418d4,
        type: 3}
      propertyPath: m_LocalScale.y
      value: 0.79792
      objectReference: {fileID: 0}
    - target: {fileID: 6360420542244127410, guid: 8fcb9d2d43929c04f8c70c38581418d4,
        type: 3}
      propertyPath: m_LocalScale.z
      value: 0.79792
      objectReference: {fileID: 0}
    - target: {fileID: 6360420542703049432, guid: 8fcb9d2d43929c04f8c70c38581418d4,
        type: 3}
      propertyPath: m_LocalPosition.x
      value: -36.493
      objectReference: {fileID: 0}
    - target: {fileID: 6360420542703049432, guid: 8fcb9d2d43929c04f8c70c38581418d4,
        type: 3}
      propertyPath: m_LocalPosition.y
      value: 1.779
      objectReference: {fileID: 0}
    - target: {fileID: 6360420542703049432, guid: 8fcb9d2d43929c04f8c70c38581418d4,
        type: 3}
      propertyPath: m_LocalPosition.z
      value: -0.268
      objectReference: {fileID: 0}
    - target: {fileID: 6360420542703049432, guid: 8fcb9d2d43929c04f8c70c38581418d4,
        type: 3}
      propertyPath: m_LocalRotation.w
      value: 1
      objectReference: {fileID: 0}
    - target: {fileID: 6360420542703049432, guid: 8fcb9d2d43929c04f8c70c38581418d4,
        type: 3}
      propertyPath: m_LocalRotation.x
      value: -0
      objectReference: {fileID: 0}
    - target: {fileID: 6360420542703049432, guid: 8fcb9d2d43929c04f8c70c38581418d4,
        type: 3}
      propertyPath: m_LocalRotation.y
      value: -0
      objectReference: {fileID: 0}
    - target: {fileID: 6360420542703049432, guid: 8fcb9d2d43929c04f8c70c38581418d4,
        type: 3}
      propertyPath: m_LocalRotation.z
      value: -0
      objectReference: {fileID: 0}
    - target: {fileID: 6360420542703049432, guid: 8fcb9d2d43929c04f8c70c38581418d4,
        type: 3}
      propertyPath: m_LocalEulerAnglesHint.x
      value: 0
      objectReference: {fileID: 0}
    - target: {fileID: 6360420542703049432, guid: 8fcb9d2d43929c04f8c70c38581418d4,
        type: 3}
      propertyPath: m_LocalEulerAnglesHint.y
      value: 0
      objectReference: {fileID: 0}
    - target: {fileID: 6360420542703049432, guid: 8fcb9d2d43929c04f8c70c38581418d4,
        type: 3}
      propertyPath: m_LocalEulerAnglesHint.z
      value: 0
      objectReference: {fileID: 0}
    - target: {fileID: 6360420542703049433, guid: 8fcb9d2d43929c04f8c70c38581418d4,
        type: 3}
      propertyPath: m_Name
      value: Yellow-FireWood (6)
      objectReference: {fileID: 0}
    - target: {fileID: 6360420542814166453, guid: 8fcb9d2d43929c04f8c70c38581418d4,
        type: 3}
      propertyPath: m_LocalPosition.x
      value: 1.115
      objectReference: {fileID: 0}
    - target: {fileID: 6360420542814166453, guid: 8fcb9d2d43929c04f8c70c38581418d4,
        type: 3}
      propertyPath: m_LocalPosition.z
      value: -0.981
      objectReference: {fileID: 0}
    m_RemovedComponents: []
    m_RemovedGameObjects:
    - {fileID: 5154732302721470277, guid: 8fcb9d2d43929c04f8c70c38581418d4, type: 3}
    - {fileID: 6360420542814166458, guid: 8fcb9d2d43929c04f8c70c38581418d4, type: 3}
    m_AddedGameObjects: []
    m_AddedComponents: []
  m_SourcePrefab: {fileID: 100100000, guid: 8fcb9d2d43929c04f8c70c38581418d4, type: 3}
--- !u!4 &1512230577552945679 stripped
Transform:
  m_CorrespondingSourceObject: {fileID: 6360420542703049432, guid: 8fcb9d2d43929c04f8c70c38581418d4,
    type: 3}
  m_PrefabInstance: {fileID: 5528244934570633431}
  m_PrefabAsset: {fileID: 0}
--- !u!1001 &6427625993674256872
PrefabInstance:
  m_ObjectHideFlags: 0
  serializedVersion: 2
  m_Modification:
    serializedVersion: 3
    m_TransformParent: {fileID: 1674379955391615841}
    m_Modifications:
    - target: {fileID: 6360420542244127404, guid: 8fcb9d2d43929c04f8c70c38581418d4,
        type: 3}
      propertyPath: simulationSpeed
      value: 2
      objectReference: {fileID: 0}
    - target: {fileID: 6360420542244127404, guid: 8fcb9d2d43929c04f8c70c38581418d4,
        type: 3}
      propertyPath: InitialModule.startLifetime.scalar
      value: 1.81
      objectReference: {fileID: 0}
    - target: {fileID: 6360420542244127404, guid: 8fcb9d2d43929c04f8c70c38581418d4,
        type: 3}
      propertyPath: InitialModule.startColor.maxColor.b
      value: 0.2028302
      objectReference: {fileID: 0}
    - target: {fileID: 6360420542244127404, guid: 8fcb9d2d43929c04f8c70c38581418d4,
        type: 3}
      propertyPath: InitialModule.startColor.maxColor.g
      value: 0.40979964
      objectReference: {fileID: 0}
    - target: {fileID: 6360420542244127404, guid: 8fcb9d2d43929c04f8c70c38581418d4,
        type: 3}
      propertyPath: InitialModule.startColor.maxColor.r
      value: 1
      objectReference: {fileID: 0}
    - target: {fileID: 6360420542244127404, guid: 8fcb9d2d43929c04f8c70c38581418d4,
        type: 3}
      propertyPath: SizeModule.curve.maxCurve.m_Curve.Array.size
      value: 3
      objectReference: {fileID: 0}
    - target: {fileID: 6360420542244127404, guid: 8fcb9d2d43929c04f8c70c38581418d4,
        type: 3}
      propertyPath: SizeModule.curve.maxCurve.m_Curve.Array.data[0].time
      value: 0
      objectReference: {fileID: 0}
    - target: {fileID: 6360420542244127404, guid: 8fcb9d2d43929c04f8c70c38581418d4,
        type: 3}
      propertyPath: SizeModule.curve.maxCurve.m_Curve.Array.data[1].time
      value: 0.068458065
      objectReference: {fileID: 0}
    - target: {fileID: 6360420542244127404, guid: 8fcb9d2d43929c04f8c70c38581418d4,
        type: 3}
      propertyPath: SizeModule.curve.maxCurve.m_Curve.Array.data[2].time
      value: 0.7201258
      objectReference: {fileID: 0}
    - target: {fileID: 6360420542244127404, guid: 8fcb9d2d43929c04f8c70c38581418d4,
        type: 3}
      propertyPath: SizeModule.curve.maxCurve.m_Curve.Array.data[3].time
      value: 0.7201258
      objectReference: {fileID: 0}
    - target: {fileID: 6360420542244127404, guid: 8fcb9d2d43929c04f8c70c38581418d4,
        type: 3}
      propertyPath: SizeModule.curve.maxCurve.m_Curve.Array.data[0].value
      value: 0.6589983
      objectReference: {fileID: 0}
    - target: {fileID: 6360420542244127404, guid: 8fcb9d2d43929c04f8c70c38581418d4,
        type: 3}
      propertyPath: SizeModule.curve.maxCurve.m_Curve.Array.data[1].value
      value: 0.7450425
      objectReference: {fileID: 0}
    - target: {fileID: 6360420542244127404, guid: 8fcb9d2d43929c04f8c70c38581418d4,
        type: 3}
      propertyPath: SizeModule.curve.maxCurve.m_Curve.Array.data[2].value
      value: 0
      objectReference: {fileID: 0}
    - target: {fileID: 6360420542244127404, guid: 8fcb9d2d43929c04f8c70c38581418d4,
        type: 3}
      propertyPath: SizeModule.curve.maxCurve.m_Curve.Array.data[2].inSlope
      value: -2.9675026
      objectReference: {fileID: 0}
    - target: {fileID: 6360420542244127404, guid: 8fcb9d2d43929c04f8c70c38581418d4,
        type: 3}
      propertyPath: SizeModule.curve.maxCurve.m_Curve.Array.data[3].inSlope
      value: -2.9675026
      objectReference: {fileID: 0}
    - target: {fileID: 6360420542244127404, guid: 8fcb9d2d43929c04f8c70c38581418d4,
        type: 3}
      propertyPath: SizeModule.curve.maxCurve.m_Curve.Array.data[2].inWeight
      value: 0.082034394
      objectReference: {fileID: 0}
    - target: {fileID: 6360420542244127404, guid: 8fcb9d2d43929c04f8c70c38581418d4,
        type: 3}
      propertyPath: SizeModule.curve.maxCurve.m_Curve.Array.data[2].outSlope
      value: -2.9675026
      objectReference: {fileID: 0}
    - target: {fileID: 6360420542244127404, guid: 8fcb9d2d43929c04f8c70c38581418d4,
        type: 3}
      propertyPath: SizeModule.curve.maxCurve.m_Curve.Array.data[3].inWeight
      value: 0.082034394
      objectReference: {fileID: 0}
    - target: {fileID: 6360420542244127404, guid: 8fcb9d2d43929c04f8c70c38581418d4,
        type: 3}
      propertyPath: SizeModule.curve.maxCurve.m_Curve.Array.data[3].outSlope
      value: -2.9675026
      objectReference: {fileID: 0}
    - target: {fileID: 6360420542244127404, guid: 8fcb9d2d43929c04f8c70c38581418d4,
        type: 3}
      propertyPath: SizeModule.curve.maxCurve.m_Curve.Array.data[2].outWeight
      value: 0.33333334
      objectReference: {fileID: 0}
    - target: {fileID: 6360420542244127404, guid: 8fcb9d2d43929c04f8c70c38581418d4,
        type: 3}
      propertyPath: SizeModule.curve.maxCurve.m_Curve.Array.data[3].outWeight
      value: 0.33333334
      objectReference: {fileID: 0}
    - target: {fileID: 6360420542244127410, guid: 8fcb9d2d43929c04f8c70c38581418d4,
        type: 3}
      propertyPath: m_LocalScale.x
      value: 0.79792
      objectReference: {fileID: 0}
    - target: {fileID: 6360420542244127410, guid: 8fcb9d2d43929c04f8c70c38581418d4,
        type: 3}
      propertyPath: m_LocalScale.y
      value: 0.79792
      objectReference: {fileID: 0}
    - target: {fileID: 6360420542244127410, guid: 8fcb9d2d43929c04f8c70c38581418d4,
        type: 3}
      propertyPath: m_LocalScale.z
      value: 0.79792
      objectReference: {fileID: 0}
    - target: {fileID: 6360420542703049432, guid: 8fcb9d2d43929c04f8c70c38581418d4,
        type: 3}
      propertyPath: m_LocalPosition.x
      value: -57.213
      objectReference: {fileID: 0}
    - target: {fileID: 6360420542703049432, guid: 8fcb9d2d43929c04f8c70c38581418d4,
        type: 3}
      propertyPath: m_LocalPosition.y
      value: 1.805
      objectReference: {fileID: 0}
    - target: {fileID: 6360420542703049432, guid: 8fcb9d2d43929c04f8c70c38581418d4,
        type: 3}
      propertyPath: m_LocalPosition.z
      value: -12.263
      objectReference: {fileID: 0}
    - target: {fileID: 6360420542703049432, guid: 8fcb9d2d43929c04f8c70c38581418d4,
        type: 3}
      propertyPath: m_LocalRotation.w
      value: 1
      objectReference: {fileID: 0}
    - target: {fileID: 6360420542703049432, guid: 8fcb9d2d43929c04f8c70c38581418d4,
        type: 3}
      propertyPath: m_LocalRotation.x
      value: -0
      objectReference: {fileID: 0}
    - target: {fileID: 6360420542703049432, guid: 8fcb9d2d43929c04f8c70c38581418d4,
        type: 3}
      propertyPath: m_LocalRotation.y
      value: -0
      objectReference: {fileID: 0}
    - target: {fileID: 6360420542703049432, guid: 8fcb9d2d43929c04f8c70c38581418d4,
        type: 3}
      propertyPath: m_LocalRotation.z
      value: -0
      objectReference: {fileID: 0}
    - target: {fileID: 6360420542703049432, guid: 8fcb9d2d43929c04f8c70c38581418d4,
        type: 3}
      propertyPath: m_LocalEulerAnglesHint.x
      value: 0
      objectReference: {fileID: 0}
    - target: {fileID: 6360420542703049432, guid: 8fcb9d2d43929c04f8c70c38581418d4,
        type: 3}
      propertyPath: m_LocalEulerAnglesHint.y
      value: 0
      objectReference: {fileID: 0}
    - target: {fileID: 6360420542703049432, guid: 8fcb9d2d43929c04f8c70c38581418d4,
        type: 3}
      propertyPath: m_LocalEulerAnglesHint.z
      value: 0
      objectReference: {fileID: 0}
    - target: {fileID: 6360420542703049433, guid: 8fcb9d2d43929c04f8c70c38581418d4,
        type: 3}
      propertyPath: m_Name
      value: Yellow-FireWood (8)
      objectReference: {fileID: 0}
    - target: {fileID: 6360420542814166453, guid: 8fcb9d2d43929c04f8c70c38581418d4,
        type: 3}
      propertyPath: m_LocalPosition.x
      value: 1.115
      objectReference: {fileID: 0}
    - target: {fileID: 6360420542814166453, guid: 8fcb9d2d43929c04f8c70c38581418d4,
        type: 3}
      propertyPath: m_LocalPosition.z
      value: -0.981
      objectReference: {fileID: 0}
    m_RemovedComponents: []
    m_RemovedGameObjects:
    - {fileID: 5154732302721470277, guid: 8fcb9d2d43929c04f8c70c38581418d4, type: 3}
    - {fileID: 6360420542814166458, guid: 8fcb9d2d43929c04f8c70c38581418d4, type: 3}
    m_AddedGameObjects: []
    m_AddedComponents: []
  m_SourcePrefab: {fileID: 100100000, guid: 8fcb9d2d43929c04f8c70c38581418d4, type: 3}
--- !u!4 &105626790456519472 stripped
Transform:
  m_CorrespondingSourceObject: {fileID: 6360420542703049432, guid: 8fcb9d2d43929c04f8c70c38581418d4,
    type: 3}
  m_PrefabInstance: {fileID: 6427625993674256872}
  m_PrefabAsset: {fileID: 0}
--- !u!1001 &7307562891444798321
PrefabInstance:
  m_ObjectHideFlags: 0
  serializedVersion: 2
  m_Modification:
    serializedVersion: 3
    m_TransformParent: {fileID: 1674379955391615841}
    m_Modifications:
    - target: {fileID: 6360420542244127404, guid: 8fcb9d2d43929c04f8c70c38581418d4,
        type: 3}
      propertyPath: simulationSpeed
      value: 2
      objectReference: {fileID: 0}
    - target: {fileID: 6360420542244127404, guid: 8fcb9d2d43929c04f8c70c38581418d4,
        type: 3}
      propertyPath: InitialModule.startLifetime.scalar
      value: 1.81
      objectReference: {fileID: 0}
    - target: {fileID: 6360420542244127404, guid: 8fcb9d2d43929c04f8c70c38581418d4,
        type: 3}
      propertyPath: InitialModule.startColor.maxColor.b
      value: 0.2028302
      objectReference: {fileID: 0}
    - target: {fileID: 6360420542244127404, guid: 8fcb9d2d43929c04f8c70c38581418d4,
        type: 3}
      propertyPath: InitialModule.startColor.maxColor.g
      value: 0.40979964
      objectReference: {fileID: 0}
    - target: {fileID: 6360420542244127404, guid: 8fcb9d2d43929c04f8c70c38581418d4,
        type: 3}
      propertyPath: InitialModule.startColor.maxColor.r
      value: 1
      objectReference: {fileID: 0}
    - target: {fileID: 6360420542244127404, guid: 8fcb9d2d43929c04f8c70c38581418d4,
        type: 3}
      propertyPath: SizeModule.curve.maxCurve.m_Curve.Array.size
      value: 3
      objectReference: {fileID: 0}
    - target: {fileID: 6360420542244127404, guid: 8fcb9d2d43929c04f8c70c38581418d4,
        type: 3}
      propertyPath: SizeModule.curve.maxCurve.m_Curve.Array.data[0].time
      value: 0
      objectReference: {fileID: 0}
    - target: {fileID: 6360420542244127404, guid: 8fcb9d2d43929c04f8c70c38581418d4,
        type: 3}
      propertyPath: SizeModule.curve.maxCurve.m_Curve.Array.data[1].time
      value: 0.068458065
      objectReference: {fileID: 0}
    - target: {fileID: 6360420542244127404, guid: 8fcb9d2d43929c04f8c70c38581418d4,
        type: 3}
      propertyPath: SizeModule.curve.maxCurve.m_Curve.Array.data[2].time
      value: 0.7201258
      objectReference: {fileID: 0}
    - target: {fileID: 6360420542244127404, guid: 8fcb9d2d43929c04f8c70c38581418d4,
        type: 3}
      propertyPath: SizeModule.curve.maxCurve.m_Curve.Array.data[3].time
      value: 0.7201258
      objectReference: {fileID: 0}
    - target: {fileID: 6360420542244127404, guid: 8fcb9d2d43929c04f8c70c38581418d4,
        type: 3}
      propertyPath: SizeModule.curve.maxCurve.m_Curve.Array.data[0].value
      value: 0.6589983
      objectReference: {fileID: 0}
    - target: {fileID: 6360420542244127404, guid: 8fcb9d2d43929c04f8c70c38581418d4,
        type: 3}
      propertyPath: SizeModule.curve.maxCurve.m_Curve.Array.data[1].value
      value: 0.7450425
      objectReference: {fileID: 0}
    - target: {fileID: 6360420542244127404, guid: 8fcb9d2d43929c04f8c70c38581418d4,
        type: 3}
      propertyPath: SizeModule.curve.maxCurve.m_Curve.Array.data[2].value
      value: 0
      objectReference: {fileID: 0}
    - target: {fileID: 6360420542244127404, guid: 8fcb9d2d43929c04f8c70c38581418d4,
        type: 3}
      propertyPath: SizeModule.curve.maxCurve.m_Curve.Array.data[2].inSlope
      value: -2.9675026
      objectReference: {fileID: 0}
    - target: {fileID: 6360420542244127404, guid: 8fcb9d2d43929c04f8c70c38581418d4,
        type: 3}
      propertyPath: SizeModule.curve.maxCurve.m_Curve.Array.data[3].inSlope
      value: -2.9675026
      objectReference: {fileID: 0}
    - target: {fileID: 6360420542244127404, guid: 8fcb9d2d43929c04f8c70c38581418d4,
        type: 3}
      propertyPath: SizeModule.curve.maxCurve.m_Curve.Array.data[2].inWeight
      value: 0.082034394
      objectReference: {fileID: 0}
    - target: {fileID: 6360420542244127404, guid: 8fcb9d2d43929c04f8c70c38581418d4,
        type: 3}
      propertyPath: SizeModule.curve.maxCurve.m_Curve.Array.data[2].outSlope
      value: -2.9675026
      objectReference: {fileID: 0}
    - target: {fileID: 6360420542244127404, guid: 8fcb9d2d43929c04f8c70c38581418d4,
        type: 3}
      propertyPath: SizeModule.curve.maxCurve.m_Curve.Array.data[3].inWeight
      value: 0.082034394
      objectReference: {fileID: 0}
    - target: {fileID: 6360420542244127404, guid: 8fcb9d2d43929c04f8c70c38581418d4,
        type: 3}
      propertyPath: SizeModule.curve.maxCurve.m_Curve.Array.data[3].outSlope
      value: -2.9675026
      objectReference: {fileID: 0}
    - target: {fileID: 6360420542244127404, guid: 8fcb9d2d43929c04f8c70c38581418d4,
        type: 3}
      propertyPath: SizeModule.curve.maxCurve.m_Curve.Array.data[2].outWeight
      value: 0.33333334
      objectReference: {fileID: 0}
    - target: {fileID: 6360420542244127404, guid: 8fcb9d2d43929c04f8c70c38581418d4,
        type: 3}
      propertyPath: SizeModule.curve.maxCurve.m_Curve.Array.data[3].outWeight
      value: 0.33333334
      objectReference: {fileID: 0}
    - target: {fileID: 6360420542244127410, guid: 8fcb9d2d43929c04f8c70c38581418d4,
        type: 3}
      propertyPath: m_LocalScale.x
      value: 0.79792
      objectReference: {fileID: 0}
    - target: {fileID: 6360420542244127410, guid: 8fcb9d2d43929c04f8c70c38581418d4,
        type: 3}
      propertyPath: m_LocalScale.y
      value: 0.79792
      objectReference: {fileID: 0}
    - target: {fileID: 6360420542244127410, guid: 8fcb9d2d43929c04f8c70c38581418d4,
        type: 3}
      propertyPath: m_LocalScale.z
      value: 0.79792
      objectReference: {fileID: 0}
    - target: {fileID: 6360420542703049432, guid: 8fcb9d2d43929c04f8c70c38581418d4,
        type: 3}
      propertyPath: m_LocalPosition.x
      value: -23.921
      objectReference: {fileID: 0}
    - target: {fileID: 6360420542703049432, guid: 8fcb9d2d43929c04f8c70c38581418d4,
        type: 3}
      propertyPath: m_LocalPosition.y
      value: 1.543
      objectReference: {fileID: 0}
    - target: {fileID: 6360420542703049432, guid: 8fcb9d2d43929c04f8c70c38581418d4,
        type: 3}
      propertyPath: m_LocalPosition.z
      value: -13.582
      objectReference: {fileID: 0}
    - target: {fileID: 6360420542703049432, guid: 8fcb9d2d43929c04f8c70c38581418d4,
        type: 3}
      propertyPath: m_LocalRotation.w
      value: 1
      objectReference: {fileID: 0}
    - target: {fileID: 6360420542703049432, guid: 8fcb9d2d43929c04f8c70c38581418d4,
        type: 3}
      propertyPath: m_LocalRotation.x
      value: -0
      objectReference: {fileID: 0}
    - target: {fileID: 6360420542703049432, guid: 8fcb9d2d43929c04f8c70c38581418d4,
        type: 3}
      propertyPath: m_LocalRotation.y
      value: -0
      objectReference: {fileID: 0}
    - target: {fileID: 6360420542703049432, guid: 8fcb9d2d43929c04f8c70c38581418d4,
        type: 3}
      propertyPath: m_LocalRotation.z
      value: -0
      objectReference: {fileID: 0}
    - target: {fileID: 6360420542703049432, guid: 8fcb9d2d43929c04f8c70c38581418d4,
        type: 3}
      propertyPath: m_LocalEulerAnglesHint.x
      value: 0
      objectReference: {fileID: 0}
    - target: {fileID: 6360420542703049432, guid: 8fcb9d2d43929c04f8c70c38581418d4,
        type: 3}
      propertyPath: m_LocalEulerAnglesHint.y
      value: 0
      objectReference: {fileID: 0}
    - target: {fileID: 6360420542703049432, guid: 8fcb9d2d43929c04f8c70c38581418d4,
        type: 3}
      propertyPath: m_LocalEulerAnglesHint.z
      value: 0
      objectReference: {fileID: 0}
    - target: {fileID: 6360420542703049433, guid: 8fcb9d2d43929c04f8c70c38581418d4,
        type: 3}
      propertyPath: m_Name
      value: Yellow-FireWood (4)
      objectReference: {fileID: 0}
    - target: {fileID: 6360420542814166453, guid: 8fcb9d2d43929c04f8c70c38581418d4,
        type: 3}
      propertyPath: m_LocalPosition.x
      value: 1.115
      objectReference: {fileID: 0}
    - target: {fileID: 6360420542814166453, guid: 8fcb9d2d43929c04f8c70c38581418d4,
        type: 3}
      propertyPath: m_LocalPosition.z
      value: -0.981
      objectReference: {fileID: 0}
    m_RemovedComponents: []
    m_RemovedGameObjects:
    - {fileID: 5154732302721470277, guid: 8fcb9d2d43929c04f8c70c38581418d4, type: 3}
    - {fileID: 6360420542814166458, guid: 8fcb9d2d43929c04f8c70c38581418d4, type: 3}
    m_AddedGameObjects: []
    m_AddedComponents: []
  m_SourcePrefab: {fileID: 100100000, guid: 8fcb9d2d43929c04f8c70c38581418d4, type: 3}
--- !u!4 &4408299952356022697 stripped
Transform:
  m_CorrespondingSourceObject: {fileID: 6360420542703049432, guid: 8fcb9d2d43929c04f8c70c38581418d4,
    type: 3}
  m_PrefabInstance: {fileID: 7307562891444798321}
  m_PrefabAsset: {fileID: 0}
--- !u!1001 &8262365027202676629
PrefabInstance:
  m_ObjectHideFlags: 0
  serializedVersion: 2
  m_Modification:
    serializedVersion: 3
    m_TransformParent: {fileID: 1674379955391615841}
    m_Modifications:
    - target: {fileID: 6360420542244127404, guid: 8fcb9d2d43929c04f8c70c38581418d4,
        type: 3}
      propertyPath: simulationSpeed
      value: 2
      objectReference: {fileID: 0}
    - target: {fileID: 6360420542244127404, guid: 8fcb9d2d43929c04f8c70c38581418d4,
        type: 3}
      propertyPath: InitialModule.startLifetime.scalar
      value: 1.81
      objectReference: {fileID: 0}
    - target: {fileID: 6360420542244127404, guid: 8fcb9d2d43929c04f8c70c38581418d4,
        type: 3}
      propertyPath: InitialModule.startColor.maxColor.b
      value: 0.2028302
      objectReference: {fileID: 0}
    - target: {fileID: 6360420542244127404, guid: 8fcb9d2d43929c04f8c70c38581418d4,
        type: 3}
      propertyPath: InitialModule.startColor.maxColor.g
      value: 0.40979964
      objectReference: {fileID: 0}
    - target: {fileID: 6360420542244127404, guid: 8fcb9d2d43929c04f8c70c38581418d4,
        type: 3}
      propertyPath: InitialModule.startColor.maxColor.r
      value: 1
      objectReference: {fileID: 0}
    - target: {fileID: 6360420542244127404, guid: 8fcb9d2d43929c04f8c70c38581418d4,
        type: 3}
      propertyPath: SizeModule.curve.maxCurve.m_Curve.Array.size
      value: 3
      objectReference: {fileID: 0}
    - target: {fileID: 6360420542244127404, guid: 8fcb9d2d43929c04f8c70c38581418d4,
        type: 3}
      propertyPath: SizeModule.curve.maxCurve.m_Curve.Array.data[0].time
      value: 0
      objectReference: {fileID: 0}
    - target: {fileID: 6360420542244127404, guid: 8fcb9d2d43929c04f8c70c38581418d4,
        type: 3}
      propertyPath: SizeModule.curve.maxCurve.m_Curve.Array.data[1].time
      value: 0.068458065
      objectReference: {fileID: 0}
    - target: {fileID: 6360420542244127404, guid: 8fcb9d2d43929c04f8c70c38581418d4,
        type: 3}
      propertyPath: SizeModule.curve.maxCurve.m_Curve.Array.data[2].time
      value: 0.7201258
      objectReference: {fileID: 0}
    - target: {fileID: 6360420542244127404, guid: 8fcb9d2d43929c04f8c70c38581418d4,
        type: 3}
      propertyPath: SizeModule.curve.maxCurve.m_Curve.Array.data[3].time
      value: 0.7201258
      objectReference: {fileID: 0}
    - target: {fileID: 6360420542244127404, guid: 8fcb9d2d43929c04f8c70c38581418d4,
        type: 3}
      propertyPath: SizeModule.curve.maxCurve.m_Curve.Array.data[0].value
      value: 0.6589983
      objectReference: {fileID: 0}
    - target: {fileID: 6360420542244127404, guid: 8fcb9d2d43929c04f8c70c38581418d4,
        type: 3}
      propertyPath: SizeModule.curve.maxCurve.m_Curve.Array.data[1].value
      value: 0.7450425
      objectReference: {fileID: 0}
    - target: {fileID: 6360420542244127404, guid: 8fcb9d2d43929c04f8c70c38581418d4,
        type: 3}
      propertyPath: SizeModule.curve.maxCurve.m_Curve.Array.data[2].value
      value: 0
      objectReference: {fileID: 0}
    - target: {fileID: 6360420542244127404, guid: 8fcb9d2d43929c04f8c70c38581418d4,
        type: 3}
      propertyPath: SizeModule.curve.maxCurve.m_Curve.Array.data[2].inSlope
      value: -2.9675026
      objectReference: {fileID: 0}
    - target: {fileID: 6360420542244127404, guid: 8fcb9d2d43929c04f8c70c38581418d4,
        type: 3}
      propertyPath: SizeModule.curve.maxCurve.m_Curve.Array.data[3].inSlope
      value: -2.9675026
      objectReference: {fileID: 0}
    - target: {fileID: 6360420542244127404, guid: 8fcb9d2d43929c04f8c70c38581418d4,
        type: 3}
      propertyPath: SizeModule.curve.maxCurve.m_Curve.Array.data[2].inWeight
      value: 0.082034394
      objectReference: {fileID: 0}
    - target: {fileID: 6360420542244127404, guid: 8fcb9d2d43929c04f8c70c38581418d4,
        type: 3}
      propertyPath: SizeModule.curve.maxCurve.m_Curve.Array.data[2].outSlope
      value: -2.9675026
      objectReference: {fileID: 0}
    - target: {fileID: 6360420542244127404, guid: 8fcb9d2d43929c04f8c70c38581418d4,
        type: 3}
      propertyPath: SizeModule.curve.maxCurve.m_Curve.Array.data[3].inWeight
      value: 0.082034394
      objectReference: {fileID: 0}
    - target: {fileID: 6360420542244127404, guid: 8fcb9d2d43929c04f8c70c38581418d4,
        type: 3}
      propertyPath: SizeModule.curve.maxCurve.m_Curve.Array.data[3].outSlope
      value: -2.9675026
      objectReference: {fileID: 0}
    - target: {fileID: 6360420542244127404, guid: 8fcb9d2d43929c04f8c70c38581418d4,
        type: 3}
      propertyPath: SizeModule.curve.maxCurve.m_Curve.Array.data[2].outWeight
      value: 0.33333334
      objectReference: {fileID: 0}
    - target: {fileID: 6360420542244127404, guid: 8fcb9d2d43929c04f8c70c38581418d4,
        type: 3}
      propertyPath: SizeModule.curve.maxCurve.m_Curve.Array.data[3].outWeight
      value: 0.33333334
      objectReference: {fileID: 0}
    - target: {fileID: 6360420542244127410, guid: 8fcb9d2d43929c04f8c70c38581418d4,
        type: 3}
      propertyPath: m_LocalScale.x
      value: 0.79792
      objectReference: {fileID: 0}
    - target: {fileID: 6360420542244127410, guid: 8fcb9d2d43929c04f8c70c38581418d4,
        type: 3}
      propertyPath: m_LocalScale.y
      value: 0.79792
      objectReference: {fileID: 0}
    - target: {fileID: 6360420542244127410, guid: 8fcb9d2d43929c04f8c70c38581418d4,
        type: 3}
      propertyPath: m_LocalScale.z
      value: 0.79792
      objectReference: {fileID: 0}
    - target: {fileID: 6360420542703049432, guid: 8fcb9d2d43929c04f8c70c38581418d4,
        type: 3}
      propertyPath: m_LocalPosition.x
      value: -20.53
      objectReference: {fileID: 0}
    - target: {fileID: 6360420542703049432, guid: 8fcb9d2d43929c04f8c70c38581418d4,
        type: 3}
      propertyPath: m_LocalPosition.y
      value: 1.543
      objectReference: {fileID: 0}
    - target: {fileID: 6360420542703049432, guid: 8fcb9d2d43929c04f8c70c38581418d4,
        type: 3}
      propertyPath: m_LocalPosition.z
      value: -7.029
      objectReference: {fileID: 0}
    - target: {fileID: 6360420542703049432, guid: 8fcb9d2d43929c04f8c70c38581418d4,
        type: 3}
      propertyPath: m_LocalRotation.w
      value: 1
      objectReference: {fileID: 0}
    - target: {fileID: 6360420542703049432, guid: 8fcb9d2d43929c04f8c70c38581418d4,
        type: 3}
      propertyPath: m_LocalRotation.x
      value: -0
      objectReference: {fileID: 0}
    - target: {fileID: 6360420542703049432, guid: 8fcb9d2d43929c04f8c70c38581418d4,
        type: 3}
      propertyPath: m_LocalRotation.y
      value: -0
      objectReference: {fileID: 0}
    - target: {fileID: 6360420542703049432, guid: 8fcb9d2d43929c04f8c70c38581418d4,
        type: 3}
      propertyPath: m_LocalRotation.z
      value: -0
      objectReference: {fileID: 0}
    - target: {fileID: 6360420542703049432, guid: 8fcb9d2d43929c04f8c70c38581418d4,
        type: 3}
      propertyPath: m_LocalEulerAnglesHint.x
      value: 0
      objectReference: {fileID: 0}
    - target: {fileID: 6360420542703049432, guid: 8fcb9d2d43929c04f8c70c38581418d4,
        type: 3}
      propertyPath: m_LocalEulerAnglesHint.y
      value: 0
      objectReference: {fileID: 0}
    - target: {fileID: 6360420542703049432, guid: 8fcb9d2d43929c04f8c70c38581418d4,
        type: 3}
      propertyPath: m_LocalEulerAnglesHint.z
      value: 0
      objectReference: {fileID: 0}
    - target: {fileID: 6360420542703049433, guid: 8fcb9d2d43929c04f8c70c38581418d4,
        type: 3}
      propertyPath: m_Name
      value: Yellow-FireWood (3)
      objectReference: {fileID: 0}
    - target: {fileID: 6360420542814166453, guid: 8fcb9d2d43929c04f8c70c38581418d4,
        type: 3}
      propertyPath: m_LocalPosition.x
      value: 1.115
      objectReference: {fileID: 0}
    - target: {fileID: 6360420542814166453, guid: 8fcb9d2d43929c04f8c70c38581418d4,
        type: 3}
      propertyPath: m_LocalPosition.z
      value: -0.981
      objectReference: {fileID: 0}
    m_RemovedComponents: []
    m_RemovedGameObjects:
    - {fileID: 5154732302721470277, guid: 8fcb9d2d43929c04f8c70c38581418d4, type: 3}
    - {fileID: 6360420542814166458, guid: 8fcb9d2d43929c04f8c70c38581418d4, type: 3}
    m_AddedGameObjects: []
    m_AddedComponents: []
  m_SourcePrefab: {fileID: 100100000, guid: 8fcb9d2d43929c04f8c70c38581418d4, type: 3}
--- !u!4 &3093148309191077197 stripped
Transform:
  m_CorrespondingSourceObject: {fileID: 6360420542703049432, guid: 8fcb9d2d43929c04f8c70c38581418d4,
    type: 3}
  m_PrefabInstance: {fileID: 8262365027202676629}
  m_PrefabAsset: {fileID: 0}
